2872 4852
700 274 741 339 54

145 464 306 530 tiaticnem
342 465 430 529 illam
463 466 667 531 Gracchorum
700 467 894 552 temporibus
921 467 952 530 in
978 487 1120 531 sermone
1140 467 1288 532 familiari

145 569 292 633 usitatam
321 569 417 633 fuisse
441 570 485 645 cf.
511 570 680 657 Corssenus
712 571 733 633 l.
766 593 793 636 n.
819 570 957 635 Tertium
981 570 1062 655 quod
1083 571 1116 634 in
1139 571 1285 636 editioni-

147 675 204 737 bus
228 673 341 737 Catulli
367 674 521 759 prioribus
544 675 635 758 vulgo
671 676 781 757 legitur
811 676 989 761 exemplum
1012 675 1168 739 codicibus
1191 677 1289 739 omni-

149 781 206 844 bus
243 781 396 841 firmatum
429 778 621 842 Pharsaliam
649 779 786 861 Lllllll,
826 781 865 843 37
904 780 1020 865 primus
1050 779 1183 843 removit
1208 779 1288 843 Pon·

146 890 236 946 tanus
266 882 455 946 emendando
485 883 527 946 sie
550 884 736 947 rectissime:
763 886 957 963 ‚Phor-solam
981 890 1103 960 coeunt,
1126 883 1289 946 Pharsalia

147 993 227 1052 tecta
264 987 478 1069 frequentant‘.
525 987 645 1051 Etenim
673 990 704 1051 in
729 988 852 1051 Graecis
881 987 1057 1051 nominibus
1080 987 1187 1050 cadem
1209 1008 1289 1069 quae

151 1092 184 1154 in
221 1091 341 1155 Latinis
378 1092 552 1175 synaeresis
590 1114 652 1156 non
689 1092 863 1156 conceditur
902 1094 949 1167 (ol.
988 1091 1111 1154 Lachm.
1135 1090 1173 1153 ad
1196 1090 1287 1156 Lucr.

148 1217 177 1280 p.
205 1197 275 1261 193.
310 1194 343 1260 L.
365 1195 531 1259 Muellerus
561 1218 590 1280 p.
616 1198 709 1280 ⁴261),
749 1196 858 1260 deinde
881 1206 916 1259 ut
938 1196 1041 1260 verbis
1065 1202 1133 1257 utar
1156 1194 1288 1279 Hauptii

148 1302 269 1365 observ.
294 1298 360 1363 crit.
399 1320 425 1383 p.
453 1300 511 1377 69,
549 1300 661 1363 mirum
694 1308 774 1365 esset
796 1301 822 1364 si
847 1308 937 1385 posta
959 1300 1008 1362 hic
1029 1299 1081 1362 ubi
1104 1307 1134 1362 et
1155 1298 1290 1364 debebat

148 1412 177 1468 et
199 1403 448 1468 commodissime
470 1411 590 1488 poterat
612 1406 700 1470 urbis
722 1406 846 1469 nomine
870 1405 930 1483 uti,
954 1403 1088 1486 regionis
1110 1402 1234 1466 nomine
1258 1409 1289 1468 et

148 1508 318 1572 orationem
348 1506 544 1592 depravasset
566 1515 597 1571 et
620 1530 741 1572 versum
764 1509 929 1572 inscienter
952 1507 1172 1570 conformasset
1183 1507 1220 1592 1).
1244 1545 1288 1553 ——

147 1611 286 1676 Alterius
316 1612 434 1694 generis
464 1632 522 1694 quo
547 1612 662 1676 vocalis
689 1634 713 1675 a
736 1613 801 1677 vim
832 1612 1028 1675 consonantis
1056 1612 1287 1697 oedipiscitur‚

147 1715 269 1780 nullum
306 1737 322 1778 e
360 1715 479 1779 Catulli
516 1717 667 1800 poematis
706 1716 893 1780 afferendum
920 1716 1009 1780 nobis
1038 1715 1211 1799 exemplum
1241 1724 1288 1780 est

147 1839 335 1902 quamquam
371 1817 478 1882 multis
518 1820 587 1882 aliis
618 1821 714 1884 veluti
750 1821 888 1884 Lucretio
917 1820 1051 1903 Vergilio
1081 1819 1180 1884 Statio
1208 1819 1288 1884 Silio

147 1923 252 1987 Persio
282 1922 437 2007 placuisse
464 1931 584 1988 constat
607 1925 720 1988 formas
744 1925 849 2007 quales
873 1931 944 1988 sunt
965 1925 1067 1988 tenvis
1090 1924 1211 1988 tenvior
1234 1945 1286 1987 ex-

148 2033 312 2091 tenvantur
334 2048 432 2110 genva
455 2036 554 2093 cetera
577 2029 701 2093 similia.

232 2131 390 2196 Postremo
414 2134 463 2196 hic
484 2134 646 2197 memorari
671 2143 802 2218 possunt
825 2132 921 2196 dativi
945 2134 1095 2195 11010001
1116 2140 1148 2194 et
1169 2139 1288 2216 eatque

147 2235 229 2319 quod
261 2235 367 2314 XXII,
407 2237 448 2303 90
485 2243 618 2322 prostat,
656 2240 694 2303 ab
722 2237 865 2302 omnibus
888 2236 1109 2321 poetisusque
1132 2234 1288 2300 adfinem

147 2341 249 2405 octavi
286 2341 376 2405 urbis
414 2343 529 2405 saeculi
567 2349 740 2406 constanter
785 2362 839 2425 pro
878 2339 1101 2424 monosyllabis
1143 2340 1286 2409 adhibiti.

148 2443 233 2519 Quod
255 2445 323 2508 'etsi
351 2464 458 2509 verum
487 2452 550 2524 ost,
584 2454 688 2510 tamen
712 2466 847 2528 quanam
869 2445 987 2508 ratione
1009 2464 1155 2508 mensura
1176 2445 1287 2510 harum

147 2548 331 2612 vocularum
370 2548 552 2633 explicanda
592 2550 644 2627 sit,
683 2551 821 2614 virorum
859 2548 1016 2612 doctorum
1044 2548 1185 2612 diversae
1214 2556 1288 2614 sunt

147 2653 332 2717 sententiae:
374 2653 542 2717 Corssenus
580 2653 705 2736 quidem
743 2653 773 2714 ll
810 2675 839 2738 p.
870 2655 929 2716 761
954 2653 986 2715 in
1008 2652 1057 2715 his
1081 2652 1238 2736 syniaesin
1260 2675 1286 2718 a

147 2756 262 2821 vocalis
292 2758 416 2834 statuit,
456 2758 608 2821 Lucienus
632 2764 735 2820 autem
757 2756 921 2820 Muellerus
945 2757 981 2819 do
1004 2778 1035 2818 re
1057 2763 1142 2823 metr.
1166 2779 1196 2842 p.
1221 2759 1285 2824 269

148 2861 230 2925 coire
266 2861 300 2925 in
338 2861 562 2947 diphthongum
596 2865 705 2926 breves
733 2861 855 2925 vocales
884 2861 1049 2924 existimat.
1095 2860 1162 2936 Qua
1188 2861 1222 2924 in
1252 2883 1287 2925 re

147 2987 218 3029 cum
256 2965 414 3031 considero
453 2965 566 3031 formas
596 2966 669 3029 illas
704 2972 829 3048 quattor
861 2965 942 3049 apud
969 2965 1046 3028 Enn.
1077 2985 1147 3028 ann.
1181 2967 1221 3030 96
1256 2970 1287 3029 01

147 3076 246 3133 strena
283 3069 366 3154 apud
402 3067 480 3135 Nov.
508 3072 557 3148 17,
584 3077 599 3134 1
633 3071 692 3150 Ι(01.
715 3069 805 3134 Ribb.
831 3070 916 3150 lrgm.
940 3090 1015 3133 com.
1039 3091 1069 3154 p.
1093 3069 1171 3153 205)
1196 3068 1287 3133 facile

148 3173 290 3257 equidem
314 3173 448 3238 adducor
470 3175 557 3237 utin
581 3173 763 3238 senteutiam
788 3172 930 3236 Corsseni
953 3172 1118 3236 discedam.

235 3278 355 3353 Quibus
385 3277 532 3362 expositis
554 3279 588 3340 in
610 3279 789 3341 universum
813 3283 859 3339 est
880 3276 1067 3340 monendum
1089 3264 1202 3341 formas
1225 3298 1287 3341 ser-

147 3383 250 3448 monis
287 3381 425 3463 vulgaris
462 3382 511 3445 vel
549 3383 657 3447 rustici
694 3383 832 3466 priorum
870 3387 1042 3465 temporum
1081 3381 1179 3465 poetis
1211 3381 1288 3445 satis

148 3487 283 3551 usitatas
321 3485 477 3549 Catullum
515 3488 578 3549 fere
616 3486 761 3550 ultimum
799 3485 894 3547 fuisse
924 3484 976 3566 qui
998 3484 1112 3569 passim
1137 3485 1197 3549 sibi
1219 3506 1289 3548 con·

149 3590 287 3654 cederet:
326 3610 398 3653 nam
434 3591 588 3675 perlectae
625 3591 726 3674 poesis
754 3596 893 3653 auctores
916 3588 1058 3670 Augusto
1081 3588 1224 3671 aequales
1248 3591 1287 3653 ab

148 3694 216 3758 illis
255 3693 388 3758 licentiis
418 3693 516 3776 quoad
541 3715 602 3757 uon
625 3695 663 3757 ad
686 3716 749 3757 rom
772 3693 930 3756 metricam
955 3693 1122 3776 pertinent,
1160 3693 1286 3758 omnino

149 3820 182 3861 se
220 3799 451 3876 abstinuerunt,
491 3799 606 3885 quippe
635 3799 689 3881 qui
716 3797 814 3862 multo
837 3796 1007 3860 accuratius
1030 3817 1121 3880 quam
1146 3796 1287 3860 Catullus

150 3903 220 3967 lecit
243 3903 444 3967 recentiorem
467 3902 613 3986 loquendi
634 3923 773 3965 normam
797 3906 1006 3983 sequerentur.

149 4046 249 4055 -—.--—

220 4113 244 4180 l)
275 4115 333 4167 Alia
356 4114 382 4166 id
405 4130 488 4180 genus
513 4113 630 4179 exempla
653 4114 719 4165 falso
738 4112 798 4165 olim
818 4113 923 4178 scripta,
942 4111 1011 4163 uude
1030 4110 1130 4162 Nobbio
1149 4109 1180 4161 de
1199 4112 1288 4163 metris

42 4258 48 4268 ,
149 4202 246 4255 l‘atulli
276 4218 301 4269 p.
323 4201 353 4254 19
382 4200 538 4267 multiplices
561 4216 658 4252 errores
682 4201 732 4251 orti
750 4203 820 4263 sunt,
838 4199 998 4250 enumeravit
1015 4197 1163 4249 Schwabius
1183 4197 1287 4260 Quaest.

149 4291 203 4342 (let.
222 4288 234 4336 I
252 4306 276 4358 p.
297 4287 347 4343 229
366 4288 398 4339 de
417 4288 542 4359 synizesis
561 4303 611 4339 usu
630 4287 773 4340 Catulliano
792 4282 879 4357 paullo
900 4284 974 4338 aliter
991 4283 1118 4336 iudicans.
