2872 4852
693 163 734 230 ‘Al

34 390 37 397 ¹
144 360 165 427 l,
188 383 213 427 c.
237 382 265 444 p.
290 361 309 422 9
332 378 377 442 sq.
407 395 448 405 —
477 359 568 422 Porro
598 357 809 421 accusativum
840 356 1026 419 Graecorum
1061 353 1284 417 vocabulorum

144 486 221 548 quae
254 462 403 526 secundae
435 461 633 526 declinationi
664 461 876 545 applicantur,
915 466 1023 544 poetae
1054 457 1159 522 Latini
1190 457 1284 540 vulgo

148 568 259 647 in-on,
297 567 395 630 rarius
433 566 509 631 in-o
540 566 677 630 mittunt.
729 564 797 629 Hoc
829 570 961 629 testatur
993 562 1134 626 Catullus
1164 561 1284 626 duobus

147 670 299 756 exemplis
323 671 428 753 qualia
449 678 522 735 sunt
543 671 648 734 Athon
670 668 782 747 LXVI,
799 670 842 736 46
865 669 902 735 of.
926 667 1014 732 Ovid.
1037 667 1108 730 Met.
1131 665 1187 745 XI,
1211 665 1283 731 554.

147 776 253 860 Pomp.
281 775 364 838 Mela
387 775 428 852 ll,
453 777 488 855 2,
511 773 540 840 9,
565 788 595 838 et
616 774 839 859 palimpseston
862 771 962 850 XXII,
987 772 1021 836 5:
1054 770 1167 835 etenim
1189 769 1286 833 Lach·
1318 765 1322 771 ⁴

149 900 283 943 mannus
315 887 395 943 recte
423 878 562 964 percepit
595 899 629 942 en
664 900 724 941 usu
751 877 901 942 sermonis
928 876 1029 940 Latini
1062 896 1122 940 non
1151 881 1216 939 tam
1244 874 1285 952 ,in

148 983 360 1068 palimpsesto‘
385 1004 477 1065 quam
501 983 544 1060 ,in
565 983 785 1067 palimpseston
801 981 905 1046 relata‘
930 980 990 1045 dici
1006 986 1155 1065 oportere,
1178 983 1287 1063 postea

146 1109 237 1172 quarn
261 1088 323 1151 iam
346 1094 416 1151 ante
439 1109 508 1150 eum
529 1086 598 1150 Nic.
614 1086 760 1150 Heinsius
775 1087 807 1148 in
823 1083 950 1148 eandem
967 1083 1151 1148 sententiam
1166 1081 1285 1160 incidit,

145 1192 259 1277 quippe
282 1192 336 1274 qui
358 1191 391 1254 in
407 1191 523 1254 advers.
543 1214 571 1276 p.
588 1193 650 1257 638
667 1190 901 1275 palimpsestum
918 1189 1118 1253 coniectasset
1133 1188 1169 1251 cf.
1188 1186 1284 1250 etiam

146 1296 210 1360 Cic.
234 1294 272 1359 ad
295 1297 365 1362 farn.
381 1297 450 1375 Vll,
478 1299 524 1374 18,
548 1300 579 1362 2.
618 1294 769 1359 Similiter
785 1294 867 1357 hunc
882 1313 987 1357 casum
1002 1291 1049 1355 III
1071 1291 1287 1356 declinationis

147 1401 329 1464 Graecorum
341 1420 489 1485 moreper
505 1421 523 1462 c
539 1399 687 1484 scriptum
702 1398 901 1484 praecedente
916 1417 1007 1461 conso
1018 1417 1059 1460 na
1070 1417 1139 1460 cum
1151 1396 1184 1458 in
1195 1415 1288 1481 prosa

147 1525 267 1589 perraro
282 1504 468 1582 inveniatur,
485 1504 576 1585 longe
588 1504 711 1588 saepius
723 1502 931 1567 adhibuerunt
943 1508 1051 1586 poetae
1060 1507 1176 1585 utpote
1187 1508 1286 1564 metro

144 1609 242 1690 magis
258 1608 498 1672 convenientem.
524 1607 589 1682 Quo
600 1607 757 1691 pertinent
766 1606 841 1686 IIII,
855 1608 874 1671 9
889 1604 1080 1690 Propontida
1088 1603 1230 1682 XXXVI,
1246 1604 1287 1666 13

146 1713 275 1776 Ancona
289 1733 307 1776 a
322 1711 512 1776 nominativo
528 1711 635 1775 Ancon
648 1711 748 1793 qualis
765 1717 813 1774 est
833 1710 939 1788 luven,
956 1708 1032 1789 IIII,
1054 1711 1106 1776 40.
1124 1707 1180 1771 Sil.
1197 1706 1287 1785 VIII,

147 1818 221 1882 436.
243 1817 435 1880 Amathunta
450 1815 591 1894 XXXVI,
618 1818 658 1882 14
674 1815 711 1881 cf.
728 1814 815 1880 Ovid.
830 1814 903 1881 Met.
927 1813 965 1892 X,
988 1816 1063 1879 220.
1087 1814 1159 1878 531.
1176 1809 1288 1874 deinde

147 1921 218 1984 trita
234 1927 363 2004 utroque
380 1919 500 1984 dicendi
516 1941 623 2002 genere
638 1923 708 1982 ae'ra
723 1918 832 1999 LXVI,
856 1921 898 1985 53
914 1925 945 1983 et
960 1917 1084 1981 aethera
1098 1900 1221 1995 LXIII,
1234 1917 1286 1979 40.
1334 1920 1337 1925 ’

148 2024 331 2108 Praegressa
369 2024 466 2089 vocali
503 2045 564 2088 non
597 2023 703 2087 inveni
734 2023 794 2086 nisi
826 2044 920 2086 unum
956 2021 1131 2105 exemplum
1169 2019 1287 2083 Catulli

146 2128 251 2192 Minoa
280 2128 419 2209 LXIIII,
443 2131 492 2194 85,
531 2135 642 2192 Contra
672 2127 881 2190 accusativum
909 2128 1068 2191 nominum
1095 2126 1212 2189 in-eus
1235 2123 1288 2187 de-

148 2233 318 2297 sinentium
343 2253 449 2296 omnes
473 2253 568 2317 prope
592 2238 698 2316 poetae
721 2251 777 2294 nec
800 2251 860 2294 non
883 2230 1048 2314 aliquando
1071 2230 1165 2295 etiam
1179 2248 1289 2314 prosae

148 2344 287 2402 auctores
303 2336 335 2399 in
348 2357 405 2400 -ea
420 2335 623 2400 terminarunt
639 2334 766 2399 docente
776 2333 962 2400 Schneidero
978 2335 1027 2399 Gr.
1040 2335 1108 2398 Lat.
1119 2332 1152 2395 II
1166 2354 1195 2416 p.
1214 2333 1288 2400 295.

149 2441 216 2517 Qua
238 2441 276 2505 de
291 2462 324 2505 re
340 2440 511 2525 comparari
527 2447 657 2525 possunt
672 2439 786 2502 formae
800 2438 893 2501 Pelea
908 2439 1041 2519 LXIlII,
1064 2442 1104 2504 21
1123 2444 1153 2501 et
1168 2436 1290 2500 Thesea

150 2544 268 2609 ibidem
290 2547 342 2622 53,
367 2547 439 2610 232.
457 2547 528 2611 245,
566 2542 674 2626 Neque
696 2541 808 2605 mirum
833 2548 880 2606 est
901 2543 983 2626 quod
998 2543 1108 2607 talium
1123 2542 1290 2605 verborum

149 2649 324 2715 vocativum
354 2663 462 2734 poetae
485 2655 657 2712 constanter
679 2668 733 2732 per
756 2668 796 2710 eu
816 2646 998 2725 extulerunt,
1031 2669 1100 2712 cum
1122 2646 1289 2730 scriptores

150 2753 299 2818 orationis
331 2752 484 2838 pedestris
515 2758 664 2835 quantum
696 2751 763 2815 sreri
792 2751 894 2836 potuit
921 2773 992 2814 eum
1014 2751 1193 2817 devitarent.
1240 2750 1291 2814 lta

148 2856 225 2939 legis
247 2856 344 2920 Peleu
364 2856 496 2936 LXIIII,
521 2859 562 2923 26
590 2856 659 2941 (sed
688 2857 778 2920 Peleo
803 2856 863 2920 Cic.
887 2856 988 2920 deor.
1014 2855 1147 2935 III,·15,
1171 2857 1227 2940 57)
1255 2874 1292 2918 ae

150 2960 273 3024 Theseu
306 2959 380 3026 ibid.
405 2961 456 3026 69.
483 2960 554 3024 133.
583 2971 741 3045 praeterea
766 2959 826 3023 huc
855 2959 1033 3024 referendus
1061 2965 1109 3023 est
1131 2958 1291 3024 vocativus

149 3065 286 3128 Amastri
307 3063 382 3143 IIII,
409 3064 457 3130 13.

235 3171 266 3235 5.
298 3169 336 3231 In
350 3167 543 3232 nominativo
559 3167 647 3253 plur,
671 3168 709 3231 de
725 3189 785 3252 quo
801 3189 882 3232 nuno
897 3167 1051 3251 agendum
1066 3177 1123 3246 est,
1146 3166 1290 3232 Catullus

152 3273 262 3338 itidem
277 3273 424 3337 Graecam
444 3271 585 3337 llectondi
602 3272 750 3336 rationem
766 3272 888 3336 videtur
904 3280 1026 3336 secutus
1043 3291 1120 3351 esse,
1147 3271 1290 3357 quamvis

152 3377 332 3462 exemplum
355 3377 448 3441 huius
471 3377 515 3440 rei
539 3376 682 3442 omnibus
698 3376 876 3442 nominibus
893 3383 1010 3440 certum
1026 3396 1088 3441 non
1103 3375 1196 3455 adsit3
1218 3396 1290 3439 uam

149 3483 182 3546 in
215 3482 357 3545 carminis
380 3479 498 3557 LXIII,
533 3482 571 3545 16
600 3480 671 3544 libri
693 3487 844 3564 quotquot
865 3481 1016 3547 habemus
1038 3502 1112 3546 mss.
1136 3481 1202 3543 sine
1223 3479 1290 3543 ullo

154 3587 298 3651 dissensu
330 3585 571 3667 ’truculentaque
601 3585 713 3670 pelagi‘
746 3585 952 3670 suppeditant.
996 3584 1111 3648 Verum
1138 3591 1240 3648 tamen
1264 3585 1291 3648 si

154 3690 373 3778 perpendimus
396 3689 520 3752 nullum
543 3689 667 3753 omnine
690 3689 791 3753 locum
808 3697 913 3754 extare
936 3710 995 3772 quo
1011 3688 1156 3754 similiter
1167 3694 1292 3775 poetam

151 3794 303 3859 adjectiva
335 3793 468 3880 pluralis
499 3800 608 3858 neutro
639 3814 751 3874 genere
774 3816 845 3858 cum
864 3794 1007 3878 genetivo
1027 3792 1293 3858 substantivorum

153 3900 314 3986 copulasse
337 3898 565 3963 demonstretur
579 3935 621 3946 -—
637 3899 750 3962 etenim
772 3898 855 3982 quod
869 3896 981 3978 LXVI,
1005 3898 1045 3960 74
1062 3896 1140 3961 dixit
1159 3895 1293 3961 ’condita

152 4003 235 4070 verei
257 4003 400 4088 pectoris‘
423 4003 527 4088 paullo
549 4003 639 4067 aliter
662 4023 695 4066 se
717 4003 811 4066 habet
832 4042 874 4050 —
897 4022 988 4087 porro
1011 4022 1080 4065 oum
1103 4021 1140 4064 ex
1156 3999 1196 4063 iis
1212 4020 1292 4082 quae

152 4110 215 4173 iam
246 4128 340 4193 supra
371 4107 545 4186 attulimus,
583 4107 658 4171 satis
687 4113 835 4192 appareat
858 4106 981 4171 Catullo
1005 4105 1119 4169 Graeca
1140 4104 1293 4170 vocabula

152 4214 213 4277 fere
236 4232 358 4296 semper
379 4210 417 4274 ad
435 4210 567 4274 Graecas
584 4210 755 4275 declinandi
771 4211 854 4296 leges
870 4210 1001 4276 formare
1016 4209 1179 4295 placuisse,
1202 4208 1292 4273 facile

154 4316 293 4401 equidem
331 4314 466 4378 adducor
496 4324 530 4378 ut
564 4336 633 4378 cum
665 4314 741 4379 viris
775 4335 838 4382 non
865 4314 963 4379 nullis
995 4312 1108 4377 criticis
1134 4312 1292 4398 prioribus
