2872 4852
145 413 312 478 admodum
343 419 492 498 appareat
517 413 614 477 maior
646 414 795 478 sermonis
822 414 958 498 vulgaris
980 412 1115 477 licentia.
1160 408 1284 473 Excidit

144 523 247 581 autern
271 517 404 602 primum
440 518 564 600 quidem
594 518 626 582 in
654 519 804 604 stirpibus
829 519 1050 584 vocabulorum
1076 521 1146 580 ante
1175 534 1282 576 scon-

143 643 252 687 sonam
275 623 351 686 satis
379 629 459 686 certe
482 623 666 705 frequenter,
696 623 723 686 si
754 623 897 708 exempla
924 623 1061 687 conferas
1090 643 1128 685 ex
1155 619 1281 703 inscrip-

143 726 279 791 tionibus
301 747 379 808 quae
402 726 509 791 attulit
530 726 727 792 Corssenusl
749 750 780 812 p.
800 729 872 794 254.
918 727 1027 804 Qualia
1047 726 1141 790 huius
1164 722 1283 806 generis

143 830 178 893 in
202 851 261 895 uno
284 830 420 896 alterove
442 830 522 895 libro
545 830 721 896 Catulliano
747 833 842 916 probo
869 832 1074 917 reperiuntur,
1098 829 1175 894 talia
1197 835 1282 892 suut:

144 934 315 998 demostres
338 934 444 1014 LV,2
472 935 594 1002 Santeu.
629 943 659 1000 et
680 935 850 1020 Hamburg.
879 943 1031 1002 mostrum
1064 934 1193 1012 LXHH,
1221 934 1278 996 101

144 1039 325 1116 Colbertin.‚
350 1047 467 1104 mostra
489 1039 590 1120 ClIlI,
613 1043 634 1105 4
676 1041 816 1105 Datanus
845 1049 879 1105 ut
909 1042 1035 1107 videtur
1057 1040 1159 1125 prima
1181 1058 1282 1101 mauu.

144 1144 224 1207 Item
253 1143 333 1207 elisa
361 1166 381 1206 o
412 1145 506 1207 festra
533 1165 588 1230 pro
620 1145 756 1209 fenestra
789 1144 866 1208 dixit
891 1145 1009 1209 Ennius
1040 1143 1125 1231 apud
1150 1142 1283 1206 Macrob.

147 1248 347 1327 861111,Ιῖ
370 1270 400 1332 p.
416 1248 479 1315 305
494 1249 561 1315 Jau.
586 1270 685 1332 neque
708 1249 795 1313 aliter
817 1271 852 1313 ae
867 1249 1008 1314 Catullus
1031 1249 1161 1315 seribere
1183 1246 1285 1310 voluit

145 1352 303 1434 Vergilius
326 1353 362 1418 ei.
385 1353 532 1435 Wagneri
556 1353 694 1435 Orthogr.
718 1354 809 1435 Verg.
833 1376 863 1439 p.
880 1357 953 1420 456.
977 1354 1051 1420 458.
1096 1351 1283 1416 Fleckeisen.

144 1477 216 1523 ann.
233 1456 324 1520 Jahn.
342 1456 396 1519 LX
411 1479 441 1541 p.
459 1458 531 1522 261.
555 1496 598 1504 -
621 1457 788 1539 Aliquanto
810 1457 922 1522 deinde
945 1458 1068 1543 saepius
1090 1479 1110 1519 o
1131 1455 1285 1520 omittitur

146 1561 229 1646 apud
251 1569 358 1645 poetas
382 1561 537 1626 scaenicos
553 1561 697 1643 antiquos
719 1562 753 1624 iu
769 1562 1041 1626 terminationibus
1056 1559 1285 1645 participiorum

144 1686 246 1749 praes.
268 1671 325 1730 act.
349 1667 390 1728 A·
413 1672 443 1729 et
466 1667 505 1727 E·
529 1666 769 1747 coniugationis‚
799 1687 861 1749 qua
883 1666 920 1729 de
942 1687 974 1729 re
997 1665 1061 1747 egit
1083 1664 1286 1729 Corsseuusl

146 1791 176 1854 p.
194 1770 257 1835 252
280 1776 311 1834 et
333 1770 483 1855 supplem.
509 1770 575 1834 crit.
598 1791 629 1854 p.
646 1773 719 1837 245.
765 1771 867 1834 Huius
892 1770 1030 1834 elisionis
1052 1790 1149 1833 unum
1171 1768 1204 1832 in
1221 1789 1287 1853 per-

149 1874 322 1938 scrutandis
339 1874 454 1937 Catulli
477 1874 666 1941 carminibus
689 1875 865 1959 exemplum
888 1875 1005 1953 iuveni,
1029 1874 1083 1939 sed
1097 1872 1157 1936 fide
1173 1872 1286 1954 dignis-

147 1978 261 2041 simum
285 1978 366 2061 quod
390 1985 437 2042 est
460 1985 588 2042 antistes
610 1979 712 2057 Vssll,
736 1980 774 2043 2:
805 1980 948 2057 ,antistas
975 1978 1055 2042 mihi
1078 1977 1208 2043 milibus
1230 1984 1287 2040 tre-

148 2083 265 2148 centis‘.
309 2083 359 2147 Sic
390 2093 495 2147 omues
517 2084 633 2148 habeut
666 2083 732 2147 sine
755 2083 821 2147 ulla
844 2083 1051 2169 discrepantia
1072 2081 1192 2146 codices
1216 2081 1287 2144 boni

147 2206 203 2251 nec
226 2208 348 2251 eausam
375 2209 448 2251 sane
469 2186 560 2252 video
584 2208 637 2250 cur
650 2187 809 2252 traditioni
824 2188 1025 2273 planissimae
1045 2193 1076 2250 et
1097 2185 1288 2250 certissimae

146 2291 278 2356 editores
301 2291 395 2355 diffisi
418 2291 491 2356 sint.
536 2290 678 2355 Formam
709 2313 725 2355 e
759 2312 898 2356 sermone
922 2291 1044 2377 plebeio
1067 2290 1116 2354 vel
1139 2289 1288 2354 familiari

146 2404 337 2481 assumptam
361 2396 409 2459 cui
434 2396 576 2481 exempla
599 2397 711 2460 similia
733 2419 772 2460 ne
788 2397 928 2461 Lucretio
948 2396 1073 2480 quidem
1095 2395 1217 2473 absunt,
1241 2415 1288 2456 ar-

147 2501 303 2583 gumentis
327 2501 404 2564 satis
427 2500 547 2564 idoneis
571 2502 789 2565 confirmarunt
802 2501 945 2565 Haudius
969 2503 1088 2566 observ.
1110 2498 1175 2562 crit.
1198 2519 1228 2582 p.
1245 2500 1288 2562 44

146 2610 178 2669 et
201 2604 337 2669 Kocbius
360 2605 393 2667 iu
415 2625 492 2669 mus.
515 2605 611 2671 Rheu.
627 2605 727 2683 Vllll,
752 2629 779 2687 p.
796 2605 869 2673 305.
892 2605 949 2682 Xl,
972 2628 1003 2690 p.
1020 2605 1092 2670 640.
1117 2640 1157 2648 —-
1180 2602 1287 2666 Eidem

149 2729 241 2794 porro
264 2730 414 2774 consonae
437 2709 561 2793 saepius
584 2709 707 2788 accidit,
739 2716 775 2773 ut
797 2709 954 2795 duplicata
976 2715 1122 2795 appareat
1144 2707 1178 2770 in
1200 2707 1288 2770 certis

150 2812 338 2896 quibusdam
362 2813 520 2878 vocabulis
551 2834 678 2896 quorum
708 2834 781 2898 pars
813 2814 899 2899 prior
925 2835 964 2877 ex
986 2835 1040 2876 eoa
1061 2810 1288 2898 praepositione

150 2926 278 2996 constat,
302 2918 398 2983 altera
419 2918 544 2981 initium
568 2918 648 3002 capit
669 2921 709 2983 ab
731 2941 751 2981 a
766 2918 879 2983 littera.
922 2919 959 2982 ln
975 2917 1032 2982 hoc
1048 2924 1151 2981 tamen
1166 2915 1288 3001 parium

149 3043 353 3088 consonarum
375 3043 523 3087 concursu
545 3022 725 3087 alterutram
747 3047 767 3086 o
789 3023 857 3088 loco
880 3022 1027 3089 decedere
1049 3044 1087 3086 ex
1110 3020 1288 3103 antiquissi-

150 3127 210 3190 mis
241 3127 432 3194 membranis
465 3126 643 3192 observavit
673 3127 795 3193 Lachm.
827 3127 867 3192 ad
890 3128 977 3194 Lucr.
1001 3150 1031 3213 p.
1059 3127 1128 3192 136.
1180 3125 1289 3206 Itaque

147 3231 343 3296 scribendum
365 3251 432 3296 esse
461 3233 627 3297 conubium
655 3240 803 3296 conectere
834 3239 931 3297 coniti
961 3240 991 3297 et
1024 3253 1101 3315 quae
1129 3229 1190 3292 alia
1217 3234 1290 3293 sunt

148 3341 285 3416 cognata.
332 3336 445 3400 Veram
473 3357 540 3400 esse
572 3336 651 3399 bane
688 3336 826 3419 regulam
857 3337 937 3400 liber
969 3341 1097 3401 testatur
1122 3334 1289 3398 Thuanous

151 3439 323 3504 Veronensi
345 3441 501 3523 aliquanto
524 3440 686 3518 vetustior,
710 3442 797 3505 cuius
818 3442 907 3525 longe
929 3440 1064 3505 maxima
1086 3439 1189 3504 estin
1210 3435 1305 3504 rodir

149 3544 248 3628 gendo
272 3545 387 3610 catulli
410 3545 545 3609 carmine
561 3545 646 3610 LXII
669 3547 846 3610 auotoritas:
870 3547 996 3630 praebet
1018 3543 1100 3609 enim
1119 3544 1148 3606 is
1164 3541 1290 3626 quidem

150 3671 202 3715 vv.
220 3650 260 3715 27
285 3657 316 3713 et
339 3651 378 3715 57
403 3657 507 3735 aperte
529 3652 704 3727 cenobium,
729 3650 845 3733 reliqui
867 3669 937 3713 oum
960 3648 1011 3711 hic
1033 3656 1064 3712 et
1078 3647 1152 3711 alibi
1168 3666 1288 3731 semper

149 3754 388 3839 geminationem
411 3754 531 3819 litterae
553 3760 708 3818 tueantur.

235 3858 387 3923 Litteram
408 3882 438 3922 m
466 3859 514 3924 bis
544 3858 682 3923 Catullus
710 3858 840 3922 extrusit
867 3859 902 3921 iu
925 3858 1037 3923 Graeco
1064 3856 1188 3921 nemine
1210 3861 1289 3940 tym-

149 3986 267 4053 panum
293 3963 406 4043 LXIll,
430 3966 449 4030 8
473 3972 504 4028 et
527 3965 546 4030 9
569 3963 706 4027 metricis
729 3963 840 4039 causis,
864 3962 982 4028 scilicet
1003 3968 1039 4026 ut
1062 3961 1217 4047 syllabam
1239 3980 1290 4045 po-

148 4072 260 4137 sitione
284 4068 466 4155 productam
481 4069 654 4154 corriperet,
678 4066 760 4150 quod
775 4066 895 4152 primus
910 4073 991 4132 reete
1006 4066 1142 4151 percepit
1156 4063 1291 4149 Scaliger

150 4176 189 4242 cf.
214 4176 308 4239 etiam
330 4174 426 4238 Varro
450 4173 514 4237 Sat.
538 4173 618 4238 Men.
643 4174 694 4249 31,
718 4173 769 4238 36.

236 4282 265 4343 9.
281 4277 374 4344 Haud
381 4298 448 4342 raro
455 4278 550 4341 etiam
560 4276 848 4343 rlitteradeciditin
856 4275 1193 4357 adverbiisprosuspro
1196 4294 1289 4355 pror-

149 4406 214 4462 aaa,
239 4404 421 4470 resumpto
437 4404 577 4460 rursum,
595 4399 774 4467 saseaopro
797 4403 927 4447 saraam
943 4387 998 4448 etc.
1014 4379 1152 4445 maxime
1166 4376 1290 4445 usitatis
