2872 4852
146 456 224 519 tiani
261 460 291 519 et
324 475 402 537 quac
443 454 606 537 diligenter
641 460 761 540 practer
797 454 876 519 alios
909 453 1032 536 collegit
1065 454 1176 518 Kuchn
1209 453 1281 519 diss.

146 582 175 644 p.
193 562 234 626 23
254 579 321 642 sqq.
358 559 408 625 Ad
431 558 608 624 institutum
630 559 722 640 igitur
737 566 772 623 ut
787 559 960 637 veniamus,
982 581 1021 623 13
1033 561 1072 624 ab
1084 559 1142 621 hac
1157 557 1281 640 quidem

146 662 325 748 quaestione
358 663 478 727 omnino
503 663 621 727 excludi
653 669 752 748 potest
785 663 823 726 dc
845 663 1062 747 orthographia
1090 662 1282 746 disceptatio,

147 769 201 832 sed
224 768 317 831 aliam
339 774 432 850 atque
454 767 546 831 initio
561 767 654 832 huius
670 766 885 852 disputationis
901 767 1050 831 rationem
1066 789 1147 830 nunc
1163 765 1282 849 ingredi

148 872 248 958 placet
271 893 338 936 cam
362 871 487 955 quidem
509 878 545 934 ut
568 871 705 956 primum
728 871 765 935 de
788 872 937 949 consonis,
966 880 1032 936 tum
1055 871 1092 935 dc
1123 870 1283 936 vocalibus

145 976 245 1058 iisque
268 995 347 1058 quae
368 975 506 1062 proxime
528 974 576 1040 his
599 975 748 1039 accedunt
770 975 967 1042 disseramus,

582 1182 611 1223 3.
637 1167 681 1222 De
697 1166 844 1223 consonis.

235 1291 261 1353 1.
285 1288 323 1351 11
344 1308 407 1353 131
429 1287 526 1352 111113
542 1288 701 1355 vocabulis
716 1288 864 1375 pinguius
879 1289 968 1352 uobis
985 1289 1113 1352 occurrit
1127 1287 1281 1352 scribendi

146 1413 247 1475 genus
267 1392 435 1457 insertione
457 1392 628 1457 litterarum
644 1393 835 1476 quarundam
852 1394 990 1457 effectum
1006 1393 1038 1455 id
1054 1392 1134 1475 quod
1151 1391 1288 1476 primurn

149 1496 233 1561 cadit
264 1496 297 1560 in
326 1517 529 1561 coonsonam
559 1517 637 1579 quae
669 1497 794 1582 saepius
820 1503 1023 1561 antelata
1052 1496 1155 1560 locum
1182 1496 1287 1559 habet.

146 1600 253 1684 Neque
276 1621 347 1665 vero
371 1599 474 1664 eredas
497 1601 579 1664 hunc
600 1622 716 1665 morem
738 1622 808 1665 vere
824 1622 891 1665 3333
906 1601 1068 1684 antiquum
1089 1600 1171 1683 quod
1186 1600 1288 1666 obiter

147 1726 213 1769 rem
245 1704 467 1770 conscideranti
494 1705 584 1769 facile
615 1705 713 1770 videri
735 1706 843 1791 possit,
876 1706 971 1769 immo
1004 1727 1041 1768 ex
1072 1704 1195 1788 linguae
1226 1726 1289 1768 usu

146 1808 326 1892 quotidiano
350 1815 435 1874 ortus
458 1808 513 1872 diu
534 1808 632 1892 viguit
654 1831 716 1873 non
739 1809 839 1874 solum
861 1809 893 1872 in
919 1809 1006 1876 libris
1029 1808 1210 1893 scriptorum
1233 1809 1287 1872 scd

147 1913 241 1978 ctiam
263 1913 296 1977 in
318 1913 567 1998 insciptionibus,
588 1914 700 1997 quibus
723 1915 831 1978 insunt
850 1914 964 1977 termae
987 1919 1138 1977 extincxit
1158 1921 1289 1978 3313113

149 2023 274 2082 iuncxit
295 2023 447 2082 centenae
470 2018 588 2082 similes
611 2018 690 2082 aliae
714 2019 751 2082 ef.
777 2019 946 2082 Corssenus
962 2019 976 2081 l
991 2040 1020 2102 p.
1046 2020 1154 2082 96131
1175 2015 1213 2080 dc
1228 2039 1289 2081 usu

148 2121 290 2186 Plautino
313 2122 476 2186 Ritschelii
498 2123 592 2189 Proll.
613 2123 697 2187 Trin.
721 2145 750 2208 p.
769 2123 830 2187 CH.
870 2122 956 2199 Quod
979 2122 1006 2186 si
1022 2143 1128 2187 verum
1145 2128 1202 2198 est,
1225 2142 1288 2185 non

148 2227 222 2293 satis
244 2227 345 2309 liquet
367 2248 419 2290 cur
440 2227 652 2291 Lachmannus
676 2228 729 2310 qui
750 2227 783 2290 in
799 2226 934 2290 Lucretii
948 2226 1003 2304 ΙΙΙ,
1030 2227 1290 2293 10441331111311

99 2395 103 2404 ,
147 2334 277 2396 formam
298 2351 361 2395 131
383 2331 573 2397 dubitaverit
594 2332 736 2411 retinere,
770 2331 847 2394 locis
871 2330 991 2396 duobus
1014 2330 1086 2410 llll,
1111 2331 1171 2394 641
1196 2339 1227 2394 31
1249 2330 1287 2408 V,

151 2437 233 2501 1195
273 2441 375 2521 spreta
405 2434 545 2499 codicum
575 2435 635 2498 tide
665 2434 813 2499 maluerit
845 2437 1058 2499 coturnicibus
1084 2442 1114 2498 et
1142 2437 1291 2499 adiunxit

149 2539 337 2626 imprimere.
382 2539 498 2603 Catulli
530 2539 655 2621 quidem
689 2539 877 2603 membranis
905 2539 972 2602 eius
1000 2539 1086 2603 modi
1115 2539 1289 2623 scripturae

147 2644 290 2729 exempla
312 2643 370 2706 duo
392 2643 579 2709 exhibentur
602 2649 692 2723 certa,
716 2643 820 2725 qualia
842 2650 915 2707 sunt
937 2643 1053 2707 mulcta
1074 2643 1198 2720 LXIHI,
1226 2645 1288 2709 190

147 2757 178 2813 31
199 2748 382 2812 mulctantes
405 2746 571 2814 11111192.
603 2747 664 2812 Sed
684 2747 814 2813 fortasse
829 2749 890 2812 huc
914 2748 1007 2812 etiam
1029 2753 1149 2831 spectat
1165 2747 1191 2810 si
1206 2758 1289 2811 recte

147 2853 323 2938 suspicatus
339 2858 387 2916 est
401 2852 568 2937 Hauptius
592 2854 714 2929 Quaest.
737 2853 800 2919 Oct.
817 2875 848 2938 p.
864 2852 906 2918 23
922 2851 999 2915 illud
1014 2856 1134 2914 cocciis
1148 2851 1226 2929 LXI,
1243 2854 1286 2917 46

148 2958 229 3042 quod
252 2957 447 3021 Lachmanno
480 2977 663 3042 magnopere
694 2956 820 3041 placuit.
866 2956 980 3020 Locum
1009 2955 1090 3018 enim
1120 2955 1232 3019 vitiose
1255 2957 1288 3020 in

147 3061 235 3127 libris
260 3061 304 3124 sic
328 3066 523 3146 conceptum:
560 3061 640 3145 ,quis
663 3060 739 3124 deus
761 3061 858 3145 magis
880 3061 1002 3125 3113113ι
1031 3059 1127 3123 multi
1148 3059 1289 3126 homines

149 3166 231 3230 docti
254 3165 435 3230 coniecturis
457 3165 571 3250 partim
593 3185 703 3250 parum
725 3165 807 3251 aptis
831 3186 907 3248 quas
928 3165 1055 3247 longum
1077 3169 1123 3228 est
1145 3163 1288 3251 deinceps

150 3290 329 3334 enumcrare
361 3275 534 3348 131131111,
572 3268 627 3333 sed
659 3270 796 3333 omnium
830 3277 956 3334 conatus
985 3274 1016 3332 31
1046 3269 1228 3333 sententiam
1259 3277 1290 3335 et

87 3388 90 3393 “
146 3377 275 3439 formam
304 3374 476 3440 litterarum
504 3373 530 3436 si
552 3373 728 3453 considero,
762 3374 852 3456 longe
875 3393 1035 3457 superasse
1061 3371 1139 3435 mihi
1161 3373 1286 3438 videtur

147 3479 310 3564 Hauptius.

234 3586 262 3650 2.
292 3581 361 3648 Non
383 3582 487 3646 minus
510 3582 685 3648 offensionis
708 3584 800 3648 habet
815 3581 898 3665 quod
913 3581 946 3644 in
964 3581 1082 3644 suffixis
1100 3580 1289 3662 quibusdam

150 3689 253 3774 qualia
288 3692 361 3752 sunt
383 3692 511 3764 3313113,
547 3709 633 3764 erce,
672 3695 717 3752 ies
750 3693 849 3752 aetate
877 3684 1028 3749 sermonis
1051 3684 1179 3769 expoliti
1201 3686 1290 3750 unice

150 3793 301 3876 legitima,
324 3799 395 3855 anto
418 3814 434 3854 3
456 3791 579 3876 saepius
601 3791 737 3856 litteram
751 3814 771 3854 c
786 3792 931 3856 insertam
953 3789 1130 3853 invenimus
1151 3789 1205 3873 qui
1223 3811 1291 3855 mos
1342 3808 1348 3839 =¹

150 3899 276 3981 linguae
307 3895 446 3978 vulgaris
478 3902 527 3961 est
549 3903 581 3960 et
603 3916 676 3960 sanc
698 3897 844 3978 antiquus
871 3893 1016 3978 quoniam
1038 3893 1195 3959 uberiores
1217 3895 1291 3958 illas

148 4000 378 4067 terminationes
390 3999 538 4064 Plautina
552 4007 638 4065 actas
648 4007 821 4066 constanter
831 4000 972 4084 probavit
983 3999 1108 4064 docento
1120 3998 1290 4063 Ritschelio

148 4106 240 4171 Prell.
257 4105 342 4169 Trin.
359 4127 389 4191 p.
407 4104 488 4171 ern.
526 4105 678 4169 Extritam
708 4126 781 4169 vero
813 4104 992 4190 politiorum
1025 4117 1199 4188 temporum
1221 4124 1291 4168 con-

150 4211 314 4276 suetudine
329 4232 349 4272 o
364 4209 502 4274 litteram
518 4209 657 4295 plebeius
676 4210 848 4274 rusticusve
871 4229 971 4273 sermo
988 4230 1059 4272 cum
1074 4207 1144 4271 aliis
1158 4207 1292 4272 licentiis

149 4316 267 4380 diutius
304 4315 440 4381 servavit
462 4315 508 4380 ita
530 4315 673 4397 quidem,
705 4322 817 4379 11133
839 4313 960 4380 nobiles
983 4312 1144 4399 scriptores
1165 4331 1292 4395 prorsus

150 4419 353 4508 repudiarent
389 4419 567 4507 primitivae
602 4417 793 4484 formationis
830 4419 1010 4487 memoriam
1041 4437 1103 4482 non
1131 4436 1291 4501 nunquam

1325 3854 1354 4233 l

1306 4450 1370 4790 1

1301 4656 1337 4790 i
