<?xml version="1.0" encoding="UTF-8"?>
<!DOCTYPE html PUBLIC "-//W3C//DTD XHTML 1.0 Transitional//EN"
    "http://www.w3.org/TR/xhtml1/DTD/xhtml1-transitional.dtd">
<html xmlns="http://www.w3.org/1999/xhtml" xml:lang="en" lang="en">
 <head>
  <title>
</title>
<meta http-equiv="Content-Type" content="text/html;charset=utf-8" />
  <meta name='ocr-system' content='tesseract 3.04.00' />
  <meta name='ocr-capabilities' content='ocr_page ocr_carea ocr_par ocr_line ocrx_word'/>
</head>
<body>
  <div class='ocr_page' id='page_1' title='image "./decatullianorum00reecgoog_0044.png"; bbox 0 0 2872 4852; ppageno 0'>
   <div class='ocr_carea' id='block_1_1' title="bbox 697 273 739 340">
    <p class='ocr_par' dir='ltr' id='par_1_1' title="bbox 697 273 739 340">
     <span class='ocr_line' id='line_1_1' title="bbox 697 273 739 340; baseline -0.048 0"><span class='ocrx_word' id='word_1_1' title='bbox 697 273 739 340; x_wconf 84' lang='lat'>35</span> 
     </span>
    </p>
   </div>
   <div class='ocr_carea' id='block_1_2' title="bbox 144 462 1285 1073">
    <p class='ocr_par' dir='ltr' id='par_1_2' title="bbox 144 462 1285 1073">
     <span class='ocr_line' id='line_1_2' title="bbox 147 462 1284 542; baseline -0.004 -12"><span class='ocrx_word' id='word_1_2' title='bbox 147 467 305 530; x_wconf 90' lang='lat' dir='ltr'>Catullum</span> <span class='ocrx_word' id='word_1_3' title='bbox 337 467 372 529; x_wconf 92' lang='lat' dir='ltr'>in</span> <span class='ocrx_word' id='word_1_4' title='bbox 404 467 545 531; x_wconf 76' lang='lat' dir='ltr'>trimetro</span> <span class='ocrx_word' id='word_1_5' title='bbox 576 472 715 532; x_wconf 83' lang='lat' dir='ltr'>scazonte</span> <span class='ocrx_word' id='word_1_6' title='bbox 745 465 891 530; x_wconf 86' lang='lat' dir='ltr'>carminis</span> <span class='ocrx_word' id='word_1_7' title='bbox 916 462 1110 542; x_wconf 87' lang='lat' dir='ltr'>XXXVIIII,</span> <span class='ocrx_word' id='word_1_8' title='bbox 1136 464 1190 529; x_wconf 87' lang='lat'>14:</span> <span class='ocrx_word' id='word_1_9' title='bbox 1219 467 1284 540; x_wconf 87' lang='lat' dir='ltr'>,aut</span> 
     </span>
     <span class='ocr_line' id='line_1_3' title="bbox 145 568 1285 656; baseline -0.006 -21"><span class='ocrx_word' id='word_1_10' title='bbox 145 573 199 655; x_wconf 90' lang='lat' dir='ltr'>qui</span> <span class='ocrx_word' id='word_1_11' title='bbox 221 571 308 637; x_wconf 89' lang='lat' dir='ltr'>lubet</span> <span class='ocrx_word' id='word_1_12' title='bbox 330 572 381 654; x_wconf 93' lang='lat' dir='ltr'>qui</span> <span class='ocrx_word' id='word_1_13' title='bbox 404 572 520 656; x_wconf 87' lang='lat' dir='ltr'>puriter</span> <span class='ocrx_word' id='word_1_14' title='bbox 542 573 618 634; x_wconf 70' lang='lat' dir='ltr'>lacit</span> <span class='ocrx_word' id='word_1_15' title='bbox 639 570 766 648; x_wconf 79' lang='lat' dir='ltr'>dentes‘,</span> <span class='ocrx_word' id='word_1_16' title='bbox 789 570 845 635; x_wconf 93' lang='lat' dir='ltr'>ubi</span> <span class='ocrx_word' id='word_1_17' title='bbox 867 569 953 633; x_wconf 89' lang='lat' dir='ltr'>salvo</span> <span class='ocrx_word' id='word_1_18' title='bbox 975 577 1072 633; x_wconf 90' lang='lat' dir='ltr'>metro</span> <span class='ocrx_word' id='word_1_19' title='bbox 1095 568 1187 631; x_wconf 87' lang='lat' dir='ltr'>etiam</span> <span class='ocrx_word' id='word_1_20' title='bbox 1203 568 1285 629; x_wconf 80' lang='lat' dir='ltr'>lacot</span> 
     </span>
     <span class='ocr_line' id='line_1_4' title="bbox 145 670 1283 759; baseline -0.004 -21"><span class='ocrx_word' id='word_1_21' title='bbox 145 675 281 740; x_wconf 87' lang='lat' dir='ltr'>scribere</span> <span class='ocrx_word' id='word_1_22' title='bbox 312 675 408 738; x_wconf 89' lang='lat' dir='ltr'>licuit.</span> <span class='ocrx_word' id='word_1_23' title='bbox 454 674 541 753; x_wconf 83' lang='lat' dir='ltr'>Quod</span> <span class='ocrx_word' id='word_1_24' title='bbox 571 697 638 738; x_wconf 92' lang='lat' dir='ltr'>cum</span> <span class='ocrx_word' id='word_1_25' title='bbox 668 695 687 737; x_wconf 88' lang='lat' dir='ltr'>a</span> <span class='ocrx_word' id='word_1_26' title='bbox 713 695 746 737; x_wconf 89' lang='lat' dir='ltr'>se</span> <span class='ocrx_word' id='word_1_27' title='bbox 769 696 830 738; x_wconf 90' lang='lat' dir='ltr'>non</span> <span class='ocrx_word' id='word_1_28' title='bbox 854 675 1034 759; x_wconf 80' lang='lat' dir='ltr'>impetraret</span> <span class='ocrx_word' id='word_1_29' title='bbox 1056 681 1161 758; x_wconf 89' lang='lat' dir='ltr'>poeta,</span> <span class='ocrx_word' id='word_1_30' title='bbox 1192 670 1283 734; x_wconf 88' lang='lat' dir='ltr'>facile</span> 
     </span>
     <span class='ocr_line' id='line_1_5' title="bbox 145 775 1284 862; baseline -0.004 -20"><span class='ocrx_word' id='word_1_31' title='bbox 145 779 280 843; x_wconf 86' lang='lat' dir='ltr'>adducor</span> <span class='ocrx_word' id='word_1_32' title='bbox 312 786 347 842; x_wconf 91' lang='lat' dir='ltr'>ut</span> <span class='ocrx_word' id='word_1_33' title='bbox 380 801 451 842; x_wconf 86' lang='lat' dir='ltr'>eum</span> <span class='ocrx_word' id='word_1_34' title='bbox 479 800 563 843; x_wconf 88' lang='lat' dir='ltr'>mero</span> <span class='ocrx_word' id='word_1_35' title='bbox 592 778 789 862; x_wconf 75' lang='lat' dir='ltr'>antiquitatis</span> <span class='ocrx_word' id='word_1_36' title='bbox 819 777 921 842; x_wconf 89' lang='lat' dir='ltr'>studio</span> <span class='ocrx_word' id='word_1_37' title='bbox 954 778 1082 842; x_wconf 90' lang='lat' dir='ltr'>ductum</span> <span class='ocrx_word' id='word_1_38' title='bbox 1107 776 1165 840; x_wconf 94' lang='lat' dir='ltr'>illo</span> <span class='ocrx_word' id='word_1_39' title='bbox 1193 775 1284 839; x_wconf 90' lang='lat' dir='ltr'>modo</span> 
     </span>
     <span class='ocr_line' id='line_1_6' title="bbox 144 882 1285 969; baseline -0.002 -22"><span class='ocrx_word' id='word_1_40' title='bbox 144 884 262 948; x_wconf 82' lang='lat' dir='ltr'>dixisse</span> <span class='ocrx_word' id='word_1_41' title='bbox 271 889 387 969; x_wconf 90' lang='lat' dir='ltr'>putem.</span> <span class='ocrx_word' id='word_1_42' title='bbox 412 883 524 948; x_wconf 83' lang='lat' dir='ltr'>Contra</span> <span class='ocrx_word' id='word_1_43' title='bbox 538 885 628 947; x_wconf 88' lang='lat' dir='ltr'>metri</span> <span class='ocrx_word' id='word_1_44' title='bbox 638 882 885 948; x_wconf 83' lang='lat' dir='ltr'>commoditatem</span> <span class='ocrx_word' id='word_1_45' title='bbox 900 883 966 946; x_wconf 88' lang='lat' dir='ltr'>siue</span> <span class='ocrx_word' id='word_1_46' title='bbox 979 883 1071 946; x_wconf 91' lang='lat' dir='ltr'>dubio</span> <span class='ocrx_word' id='word_1_47' title='bbox 1084 890 1285 968; x_wconf 85' lang='lat' dir='ltr'>respexerunt</span> 
     </span>
     <span class='ocr_line' id='line_1_7' title="bbox 144 986 1284 1073; baseline -0.003 -21"><span class='ocrx_word' id='word_1_48' title='bbox 144 988 300 1073; x_wconf 83' lang='lat' dir='ltr'>Vergilius</span> <span class='ocrx_word' id='word_1_49' title='bbox 324 988 430 1072; x_wconf 84' lang='lat' dir='ltr'>Georg.</span> <span class='ocrx_word' id='word_1_50' title='bbox 447 988 502 1067; x_wconf 91' lang='lat' dir='ltr'>III,</span> <span class='ocrx_word' id='word_1_51' title='bbox 526 989 599 1055; x_wconf 89' lang='grc'>359.</span> <span class='ocrx_word' id='word_1_52' title='bbox 616 989 693 1053; x_wconf 87' lang='lat' dir='ltr'>Aen.</span> <span class='ocrx_word' id='word_1_53' title='bbox 715 989 777 1067; x_wconf 90' lang='lat' dir='ltr'>Ill,</span> <span class='ocrx_word' id='word_1_54' title='bbox 801 987 864 1053; x_wconf 90' lang='grc'>663</span> <span class='ocrx_word' id='word_1_55' title='bbox 885 994 916 1052; x_wconf 91' lang='lat' dir='ltr'>et</span> <span class='ocrx_word' id='word_1_56' title='bbox 934 987 1081 1051; x_wconf 80' lang='lat' dir='ltr'>Horatius</span> <span class='ocrx_word' id='word_1_57' title='bbox 1098 988 1196 1051; x_wconf 89' lang='lat' dir='ltr'>Carm.</span> <span class='ocrx_word' id='word_1_58' title='bbox 1213 986 1284 1064; x_wconf 86' lang='lat' dir='ltr'>IIII,</span> 
     </span>
    </p>
   </div>
   <div class='ocr_carea' id='block_1_3' title="bbox 145 1091 1216 1175">
    <p class='ocr_par' dir='ltr' id='par_1_3' title="bbox 145 1091 1216 1175">
     <span class='ocr_line' id='line_1_8' title="bbox 145 1091 1216 1175; baseline -0.004 -14"><span class='ocrx_word' id='word_1_59' title='bbox 145 1098 179 1171; x_wconf 87' lang='grc'>6,</span> <span class='ocrx_word' id='word_1_60' title='bbox 204 1095 244 1158; x_wconf 73' lang='grc'>36</span> <span class='ocrx_word' id='word_1_61' title='bbox 268 1093 413 1175; x_wconf 89' lang='lat' dir='ltr'>quoniam</span> <span class='ocrx_word' id='word_1_62' title='bbox 434 1093 564 1175; x_wconf 82' lang='lat' dir='ltr'>singulis</span> <span class='ocrx_word' id='word_1_63' title='bbox 587 1093 661 1155; x_wconf 87' lang='lat' dir='ltr'>locis</span> <span class='ocrx_word' id='word_1_64' title='bbox 685 1093 800 1157; x_wconf 87' lang='lat' dir='ltr'>formae</span> <span class='ocrx_word' id='word_1_65' title='bbox 832 1095 907 1155; x_wconf 77' lang='lat' dir='ltr'>lucit</span> <span class='ocrx_word' id='word_1_66' title='bbox 935 1091 1047 1156; x_wconf 89' lang='lat' dir='ltr'>vocalis</span> <span class='ocrx_word' id='word_1_67' title='bbox 1071 1091 1216 1157; x_wconf 83' lang='lat' dir='ltr'>succedit.</span> 
     </span>
    </p>
   </div>
   <div class='ocr_carea' id='block_1_4' title="bbox 146 1230 1285 1422">
    <p class='ocr_par' dir='ltr' id='par_1_4' title="bbox 146 1230 1285 1422">
     <span class='ocr_line' id='line_1_9' title="bbox 231 1230 1285 1315; baseline 0 -20"><span class='ocrx_word' id='word_1_68' title='bbox 231 1231 376 1296; x_wconf 90' lang='lat' dir='ltr'>Alterum</span> <span class='ocrx_word' id='word_1_69' title='bbox 399 1231 510 1295; x_wconf 89' lang='lat' dir='ltr'>deinde</span> <span class='ocrx_word' id='word_1_70' title='bbox 532 1232 662 1296; x_wconf 90' lang='lat' dir='ltr'>verbum</span> <span class='ocrx_word' id='word_1_71' title='bbox 675 1233 813 1314; x_wconf 73' lang='lat' dir='ltr'>falycre,</span> <span class='ocrx_word' id='word_1_72' title='bbox 836 1231 918 1314; x_wconf 93' lang='lat' dir='ltr'>quod</span> <span class='ocrx_word' id='word_1_73' title='bbox 942 1230 1033 1315; x_wconf 85' lang='lat' dir='ltr'>vulgo</span> <span class='ocrx_word' id='word_1_74' title='bbox 1050 1231 1188 1313; x_wconf 86' lang='lat' dir='ltr'>sequitur</span> <span class='ocrx_word' id='word_1_75' title='bbox 1202 1232 1285 1315; x_wconf 86' lang='lat' dir='ltr'>leges</span> 
     </span>
     <span class='ocr_line' id='line_1_10' title="bbox 146 1335 1285 1422; baseline 0 -23"><span class='ocrx_word' id='word_1_76' title='bbox 146 1336 416 1420; x_wconf 76' lang='lat' dir='ltr'>ll-coniugationiS,</span> <span class='ocrx_word' id='word_1_77' title='bbox 432 1336 514 1422; x_wconf 91' lang='lat' dir='ltr'>apud</span> <span class='ocrx_word' id='word_1_78' title='bbox 530 1336 684 1401; x_wconf 89' lang='lat' dir='ltr'>Catullum</span> <span class='ocrx_word' id='word_1_79' title='bbox 700 1337 837 1420; x_wconf 87' lang='lat' dir='ltr'>aliosque</span> <span class='ocrx_word' id='word_1_80' title='bbox 852 1337 979 1400; x_wconf 89' lang='lat' dir='ltr'>fluctuat</span> <span class='ocrx_word' id='word_1_81' title='bbox 993 1335 1073 1399; x_wconf 91' lang='lat' dir='ltr'>inter</span> <span class='ocrx_word' id='word_1_82' title='bbox 1085 1336 1166 1400; x_wconf 92' lang='lat' dir='ltr'>hanc</span> <span class='ocrx_word' id='word_1_83' title='bbox 1182 1342 1211 1399; x_wconf 90' lang='lat' dir='ltr'>et</span> <span class='ocrx_word' id='word_1_84' title='bbox 1226 1343 1285 1400; x_wconf 89' lang='lat' dir='ltr'>ter·</span> 
     </span>
    </p>
   </div>
   <div class='ocr_carea' id='block_1_5' title="bbox 145 1439 1393 1526">
    <p class='ocr_par' dir='ltr' id='par_1_5' title="bbox 145 1439 1393 1526">
     <span class='ocr_line' id='line_1_11' title="bbox 145 1439 1393 1526; baseline -0.002 -20"><span class='ocrx_word' id='word_1_85' title='bbox 145 1441 220 1506; x_wconf 86' lang='lat' dir='ltr'>tiam</span> <span class='ocrx_word' id='word_1_86' title='bbox 236 1442 480 1526; x_wconf 83' lang='lat' dir='ltr'>coniugationem</span> <span class='ocrx_word' id='word_1_87' title='bbox 497 1441 581 1505; x_wconf 88' lang='lat' dir='ltr'>velut</span> <span class='ocrx_word' id='word_1_88' title='bbox 597 1441 706 1506; x_wconf 88' lang='lat' dir='ltr'>docent</span> <span class='ocrx_word' id='word_1_89' title='bbox 719 1442 827 1521; x_wconf 83' lang='lat' dir='ltr'>LXVI,</span> <span class='ocrx_word' id='word_1_90' title='bbox 844 1443 899 1506; x_wconf 76' lang='lat'>94:</span> <span class='ocrx_word' id='word_1_91' title='bbox 924 1441 1092 1526; x_wconf 87' lang='lat' dir='ltr'>,proximus</span> <span class='ocrx_word' id='word_1_92' title='bbox 1109 1439 1286 1524; x_wconf 82' lang='lat' dir='ltr'>Hydrochoi</span> <span class='ocrx_word' id='word_1_93' title='bbox 1389 1461 1393 1469; x_wconf 92' lang='lat'><em>·</em></span> 
     </span>
    </p>
   </div>
   <div class='ocr_carea' id='block_1_6' title="bbox 145 1544 1287 2258">
    <p class='ocr_par' dir='ltr' id='par_1_6' title="bbox 145 1544 1287 2258">
     <span class='ocr_line' id='line_1_12' title="bbox 145 1544 1287 1629; baseline -0.003 -19"><span class='ocrx_word' id='word_1_94' title='bbox 145 1544 278 1629; x_wconf 68' lang='lat' dir='ltr'>fulgeret</span> <span class='ocrx_word' id='word_1_95' title='bbox 293 1547 414 1611; x_wconf 83' lang='lat' dir='ltr'>Oarion‘</span> <span class='ocrx_word' id='word_1_96' title='bbox 436 1554 467 1610; x_wconf 89' lang='lat' dir='ltr'>et</span> <span class='ocrx_word' id='word_1_97' title='bbox 481 1546 556 1610; x_wconf 90' lang='lat' dir='ltr'>ibid.</span> <span class='ocrx_word' id='word_1_98' title='bbox 573 1549 628 1613; x_wconf 84' lang='lat'>61:</span> <span class='ocrx_word' id='word_1_99' title='bbox 653 1546 716 1624; x_wconf 88' lang='lat' dir='ltr'>‚sed</span> <span class='ocrx_word' id='word_1_100' title='bbox 733 1567 789 1610; x_wconf 90' lang='lat' dir='ltr'>nos</span> <span class='ocrx_word' id='word_1_101' title='bbox 805 1566 927 1629; x_wconf 92' lang='lat' dir='ltr'>quoque</span> <span class='ocrx_word' id='word_1_102' title='bbox 943 1545 1157 1627; x_wconf 70' lang='lat' dir='ltr'>fulgeremus‘.</span> <span class='ocrx_word' id='word_1_103' title='bbox 1180 1545 1287 1609; x_wconf 88' lang='lat' dir='ltr'>Potest</span> 
     </span>
     <span class='ocr_line' id='line_1_13' title="bbox 145 1650 1286 1736; baseline -0.003 -21"><span class='ocrx_word' id='word_1_104' title='bbox 145 1651 206 1716; x_wconf 90' lang='lat' dir='ltr'>huc</span> <span class='ocrx_word' id='word_1_105' title='bbox 221 1653 312 1716; x_wconf 91' lang='lat' dir='ltr'>etiam</span> <span class='ocrx_word' id='word_1_106' title='bbox 336 1651 444 1715; x_wconf 85' lang='lat' dir='ltr'>referri</span> <span class='ocrx_word' id='word_1_107' title='bbox 467 1652 598 1714; x_wconf 89' lang='lat' dir='ltr'>verbum</span> <span class='ocrx_word' id='word_1_108' title='bbox 620 1655 726 1714; x_wconf 75' lang='lat' dir='ltr'>tacendi</span> <span class='ocrx_word' id='word_1_109' title='bbox 740 1652 855 1736; x_wconf 88' lang='lat' dir='ltr'>pariter</span> <span class='ocrx_word' id='word_1_110' title='bbox 875 1651 940 1713; x_wconf 89' lang='lat' dir='ltr'>sine</span> <span class='ocrx_word' id='word_1_111' title='bbox 955 1650 1059 1714; x_wconf 89' lang='lat' dir='ltr'>littera</span> <span class='ocrx_word' id='word_1_112' title='bbox 1075 1650 1206 1714; x_wconf 76' lang='lat' dir='ltr'>vocalia</span> <span class='ocrx_word' id='word_1_113' title='bbox 1221 1669 1286 1712; x_wconf 91' lang='lat' dir='ltr'>sae-</span> 
     </span>
     <span class='ocr_line' id='line_1_14' title="bbox 146 1752 1287 1843; baseline -0.003 -24"><span class='ocrx_word' id='word_1_114' title='bbox 146 1756 217 1843; x_wconf 91' lang='lat' dir='ltr'>pius</span> <span class='ocrx_word' id='word_1_115' title='bbox 234 1756 417 1820; x_wconf 90' lang='lat' dir='ltr'>derivatum.</span> <span class='ocrx_word' id='word_1_116' title='bbox 457 1755 617 1819; x_wconf 85' lang='lat' dir='ltr'>Eiusmodi</span> <span class='ocrx_word' id='word_1_117' title='bbox 633 1756 731 1820; x_wconf 87' lang='lat' dir='ltr'>forma</span> <span class='ocrx_word' id='word_1_118' title='bbox 753 1776 832 1838; x_wconf 90' lang='lat' dir='ltr'>quae</span> <span class='ocrx_word' id='word_1_119' title='bbox 855 1764 902 1820; x_wconf 87' lang='lat' dir='ltr'>est</span> <span class='ocrx_word' id='word_1_120' title='bbox 922 1764 996 1820; x_wconf 81' lang='lat' dir='ltr'>taor</span> <span class='ocrx_word' id='word_1_121' title='bbox 1018 1755 1092 1819; x_wconf 91' lang='lat' dir='ltr'>olim</span> <span class='ocrx_word' id='word_1_122' title='bbox 1114 1755 1146 1817; x_wconf 91' lang='lat' dir='ltr'>iu</span> <span class='ocrx_word' id='word_1_123' title='bbox 1170 1752 1287 1818; x_wconf 89' lang='lat' dir='ltr'>Catulli</span> 
     </span>
     <span class='ocr_line' id='line_1_15' title="bbox 149 1858 1287 1945; baseline -0.002 -20"><span class='ocrx_word' id='word_1_124' title='bbox 149 1861 281 1925; x_wconf 83' lang='lat' dir='ltr'>carmine</span> <span class='ocrx_word' id='word_1_125' title='bbox 304 1860 385 1938; x_wconf 86' lang='lat' dir='ltr'>XXI,</span> <span class='ocrx_word' id='word_1_126' title='bbox 411 1861 429 1923; x_wconf 84' lang='lat'>5</span> <span class='ocrx_word' id='word_1_127' title='bbox 447 1859 605 1942; x_wconf 84' lang='lat' dir='ltr'>legebatur</span> <span class='ocrx_word' id='word_1_128' title='bbox 619 1860 710 1924; x_wconf 91' lang='lat' dir='ltr'>hodie</span> <span class='ocrx_word' id='word_1_129' title='bbox 726 1861 837 1924; x_wconf 90' lang='lat' dir='ltr'>rectius</span> <span class='ocrx_word' id='word_1_130' title='bbox 852 1861 933 1924; x_wconf 92' lang='lat' dir='ltr'>inter</span> <span class='ocrx_word' id='word_1_131' title='bbox 948 1861 1080 1945; x_wconf 78' lang='lat' dir='ltr'>Priapes</span> <span class='ocrx_word' id='word_1_132' title='bbox 1094 1858 1244 1935; x_wconf 86' lang='lat' dir='ltr'>LXXXV,</span> <span class='ocrx_word' id='word_1_133' title='bbox 1266 1858 1287 1923; x_wconf 84' lang='lat'>5</span> 
     </span>
     <span class='ocr_line' id='line_1_16' title="bbox 151 1963 1286 2049; baseline -0.002 -22"><span class='ocrx_word' id='word_1_134' title='bbox 151 1964 252 2030; x_wconf 91' lang='lat' dir='ltr'>locum</span> <span class='ocrx_word' id='word_1_135' title='bbox 273 1971 406 2029; x_wconf 90' lang='lat' dir='ltr'>tenente.</span> <span class='ocrx_word' id='word_1_136' title='bbox 438 1963 608 2045; x_wconf 90' lang='lat' dir='ltr'>Utriusque</span> <span class='ocrx_word' id='word_1_137' title='bbox 635 1965 723 2030; x_wconf 89' lang='lat' dir='ltr'>verbi</span> <span class='ocrx_word' id='word_1_138' title='bbox 750 1986 826 2028; x_wconf 89' lang='lat' dir='ltr'>usus</span> <span class='ocrx_word' id='word_1_139' title='bbox 842 1985 935 2047; x_wconf 92' lang='lat' dir='ltr'>quem</span> <span class='ocrx_word' id='word_1_140' title='bbox 948 1965 1038 2028; x_wconf 90' lang='lat' dir='ltr'>modo</span> <span class='ocrx_word' id='word_1_141' title='bbox 1055 1963 1286 2049; x_wconf 67' lang='lat' dir='ltr'>explicavimus</span> 
     </span>
     <span class='ocr_line' id='line_1_17' title="bbox 153 2068 1287 2153; baseline -0.003 -20"><span class='ocrx_word' id='word_1_142' title='bbox 153 2068 374 2153; x_wconf 85' lang='lat' dir='ltr'>dactylicorum</span> <span class='ocrx_word' id='word_1_143' title='bbox 408 2068 543 2132; x_wconf 86' lang='lat' dir='ltr'>maxime</span> <span class='ocrx_word' id='word_1_144' title='bbox 581 2069 741 2132; x_wconf 83' lang='lat' dir='ltr'>familiaris</span> <span class='ocrx_word' id='word_1_145' title='bbox 771 2075 819 2132; x_wconf 89' lang='lat' dir='ltr'>est</span> <span class='ocrx_word' id='word_1_146' title='bbox 849 2069 988 2132; x_wconf 90' lang='lat' dir='ltr'>Lucretio</span> <span class='ocrx_word' id='word_1_147' title='bbox 1026 2088 1124 2150; x_wconf 91' lang='lat' dir='ltr'>neque</span> <span class='ocrx_word' id='word_1_148' title='bbox 1162 2068 1287 2132; x_wconf 91' lang='lat' dir='ltr'>omnino</span> 
     </span>
     <span class='ocr_line' id='line_1_18' title="bbox 149 2171 1287 2258; baseline -0.001 -22"><span class='ocrx_word' id='word_1_149' title='bbox 149 2172 340 2239; x_wconf 89' lang='lat' dir='ltr'>desideratur</span> <span class='ocrx_word' id='word_1_150' title='bbox 368 2173 451 2258; x_wconf 91' lang='lat' dir='ltr'>apud</span> <span class='ocrx_word' id='word_1_151' title='bbox 479 2172 669 2256; x_wconf 81' lang='lat' dir='ltr'>Vergilium,</span> <span class='ocrx_word' id='word_1_152' title='bbox 697 2173 898 2238; x_wconf 88' lang='lat' dir='ltr'>Lucretianae</span> <span class='ocrx_word' id='word_1_153' title='bbox 927 2171 1069 2236; x_wconf 89' lang='lat' dir='ltr'>dictionis</span> <span class='ocrx_word' id='word_1_154' title='bbox 1098 2171 1287 2236; x_wconf 89' lang='lat' dir='ltr'>imitatorem</span> 
     </span>
    </p>
   </div>
   <div class='ocr_carea' id='block_1_7' title="bbox 146 2276 1286 2467">
    <p class='ocr_par' dir='ltr' id='par_1_7' title="bbox 146 2276 1286 2467">
     <span class='ocr_line' id='line_1_19' title="bbox 148 2276 1286 2361; baseline -0.001 -21"><span class='ocrx_word' id='word_1_155' title='bbox 148 2278 226 2342; x_wconf 86' lang='lat' dir='ltr'>satis</span> <span class='ocrx_word' id='word_1_156' title='bbox 258 2279 463 2361; x_wconf 67' lang='lat' dir='ltr'>frequentem,</span> <span class='ocrx_word' id='word_1_157' title='bbox 481 2279 517 2341; x_wconf 83' lang='lat' dir='ltr'>cf.</span> <span class='ocrx_word' id='word_1_158' title='bbox 552 2278 688 2342; x_wconf 87' lang='lat' dir='ltr'>Xuehnr&#39;i</span> <span class='ocrx_word' id='word_1_159' title='bbox 726 2280 850 2355; x_wconf 81' lang='lat' dir='ltr'>Quaest.</span> <span class='ocrx_word' id='word_1_160' title='bbox 882 2277 968 2342; x_wconf 92' lang='lat' dir='ltr'>Lucr.</span> <span class='ocrx_word' id='word_1_161' title='bbox 1001 2299 1031 2361; x_wconf 90' lang='lat' dir='ltr'>p.</span> <span class='ocrx_word' id='word_1_162' title='bbox 1065 2277 1106 2340; x_wconf 73' lang='lat'>20</span> <span class='ocrx_word' id='word_1_163' title='bbox 1142 2283 1172 2340; x_wconf 88' lang='lat' dir='ltr'>et</span> <span class='ocrx_word' id='word_1_164' title='bbox 1202 2276 1286 2341; x_wconf 91' lang='lat' dir='ltr'>Proll</span> 
     </span>
     <span class='ocr_line' id='line_1_20' title="bbox 146 2382 339 2467; baseline 0.005 -19"><span class='ocrx_word' id='word_1_165' title='bbox 146 2404 177 2467; x_wconf 90' lang='lat' dir='ltr'>p.</span> <span class='ocrx_word' id='word_1_166' title='bbox 202 2382 339 2449; x_wconf 85' lang='grc'><strong>30-34,</strong></span> 
     </span>
    </p>
   </div>
   <div class='ocr_carea' id='block_1_8' title="bbox 146 2520 1289 3649">
    <p class='ocr_par' dir='ltr' id='par_1_8' title="bbox 146 2520 1289 3649">
     <span class='ocr_line' id='line_1_21' title="bbox 235 2520 1288 2607; baseline 0 -23"><span class='ocrx_word' id='word_1_167' title='bbox 235 2520 362 2585; x_wconf 85' lang='lat' dir='ltr'>Accedit</span> <span class='ocrx_word' id='word_1_168' title='bbox 395 2523 565 2607; x_wconf 90' lang='lat' dir='ltr'>perfectum</span> <span class='ocrx_word' id='word_1_169' title='bbox 596 2529 653 2587; x_wconf 89' lang='lat' dir='ltr'>act.</span> <span class='ocrx_word' id='word_1_170' title='bbox 676 2521 765 2587; x_wconf 87' lang='lat' dir='ltr'>verbi</span> <span class='ocrx_word' id='word_1_171' title='bbox 789 2543 904 2603; x_wconf 71' lang='lat' dir='ltr'>ponae</span> <span class='ocrx_word' id='word_1_172' title='bbox 929 2520 1121 2607; x_wconf 82' lang='lat' dir='ltr'>temporibus</span> <span class='ocrx_word' id='word_1_173' title='bbox 1152 2521 1288 2604; x_wconf 88' lang='lat' dir='ltr'>antiquis</span> 
     </span>
     <span class='ocr_line' id='line_1_22' title="bbox 146 2625 1288 2710; baseline -0.002 -20"><span class='ocrx_word' id='word_1_174' title='bbox 146 2625 230 2690; x_wconf 88' lang='lat' dir='ltr'>haud</span> <span class='ocrx_word' id='word_1_175' title='bbox 254 2647 320 2690; x_wconf 90' lang='lat' dir='ltr'>raro</span> <span class='ocrx_word' id='word_1_176' title='bbox 345 2647 382 2688; x_wconf 87' lang='lat' dir='ltr'>ex</span> <span class='ocrx_word' id='word_1_177' title='bbox 405 2626 547 2710; x_wconf 86' lang='lat' dir='ltr'>analogia</span> <span class='ocrx_word' id='word_1_178' title='bbox 568 2625 827 2709; x_wconf 84' lang='lat' dir='ltr'>I-coniugationis</span> <span class='ocrx_word' id='word_1_179' title='bbox 850 2625 955 2690; x_wconf 91' lang='lat' dir='ltr'>in-ivi</span> <span class='ocrx_word' id='word_1_180' title='bbox 972 2626 1147 2702; x_wconf 82' lang='lat' dir='ltr'>formatum,</span> <span class='ocrx_word' id='word_1_181' title='bbox 1170 2625 1288 2708; x_wconf 89' lang='lat' dir='ltr'>quade</span> 
     </span>
     <span class='ocr_line' id='line_1_23' title="bbox 149 2729 1285 2815; baseline 0 -22"><span class='ocrx_word' id='word_1_182' title='bbox 149 2751 184 2793; x_wconf 91' lang='lat' dir='ltr'>re</span> <span class='ocrx_word' id='word_1_183' title='bbox 206 2736 334 2813; x_wconf 82' lang='lat' dir='ltr'>egerunt</span> <span class='ocrx_word' id='word_1_184' title='bbox 350 2730 520 2795; x_wconf 88' lang='lat' dir='ltr'>Corssenus</span> <span class='ocrx_word' id='word_1_185' title='bbox 543 2731 557 2793; x_wconf 93' lang='grc' dir='ltr'>Ι</span> <span class='ocrx_word' id='word_1_186' title='bbox 573 2752 603 2815; x_wconf 87' lang='lat' dir='ltr'>p.</span> <span class='ocrx_word' id='word_1_187' title='bbox 619 2731 683 2795; x_wconf 81' lang='lat'>419</span> <span class='ocrx_word' id='word_1_188' title='bbox 698 2751 743 2814; x_wconf 89' lang='lat' dir='ltr'>sq.</span> <span class='ocrx_word' id='word_1_189' title='bbox 760 2729 790 2792; x_wconf 93' lang='lat' dir='ltr'>Il</span> <span class='ocrx_word' id='word_1_190' title='bbox 805 2752 835 2815; x_wconf 95' lang='lat' dir='ltr'>p.</span> <span class='ocrx_word' id='word_1_191' title='bbox 853 2729 925 2796; x_wconf 87' lang='grc'>583.</span> <span class='ocrx_word' id='word_1_192' title='bbox 943 2729 1005 2793; x_wconf 91' lang='grc'>585</span> <span class='ocrx_word' id='word_1_193' title='bbox 1022 2735 1052 2792; x_wconf 88' lang='lat' dir='ltr'>et</span> <span class='ocrx_word' id='word_1_194' title='bbox 1067 2730 1099 2795; x_wconf 88' lang='lat' dir='ltr'>L.</span> <span class='ocrx_word' id='word_1_195' title='bbox 1115 2729 1285 2793; x_wconf 89' lang='lat' dir='ltr'>Muellerus</span> 
     </span>
     <span class='ocr_line' id='line_1_24' title="bbox 147 2832 1289 2921; baseline 0 -25"><span class='ocrx_word' id='word_1_196' title='bbox 147 2832 187 2896; x_wconf 89' lang='lat' dir='ltr'>de</span> <span class='ocrx_word' id='word_1_197' title='bbox 218 2856 252 2898; x_wconf 92' lang='lat' dir='ltr'>re</span> <span class='ocrx_word' id='word_1_198' title='bbox 285 2841 372 2901; x_wconf 89' lang='lat' dir='ltr'>metr.</span> <span class='ocrx_word' id='word_1_199' title='bbox 392 2857 422 2921; x_wconf 92' lang='lat' dir='ltr'>p.</span> <span class='ocrx_word' id='word_1_200' title='bbox 439 2837 512 2902; x_wconf 88' lang='lat'>401.</span> <span class='ocrx_word' id='word_1_201' title='bbox 549 2836 652 2917; x_wconf 87' lang='lat' dir='ltr'>Atque</span> <span class='ocrx_word' id='word_1_202' title='bbox 684 2834 741 2897; x_wconf 92' lang='lat' dir='ltr'>hac</span> <span class='ocrx_word' id='word_1_203' title='bbox 775 2832 891 2896; x_wconf 92' lang='lat' dir='ltr'>ratione</span> <span class='ocrx_word' id='word_1_204' title='bbox 921 2834 1016 2898; x_wconf 90' lang='lat' dir='ltr'>semel</span> <span class='ocrx_word' id='word_1_205' title='bbox 1045 2834 1183 2898; x_wconf 84' lang='lat' dir='ltr'>Catullus</span> <span class='ocrx_word' id='word_1_206' title='bbox 1215 2834 1289 2898; x_wconf 83' lang='lat' dir='ltr'>iecit</span> 
     </span>
     <span class='ocr_line' id='line_1_25' title="bbox 147 2936 1289 3024; baseline 0 -22"><span class='ocrx_word' id='word_1_207' title='bbox 147 2941 299 3021; x_wconf 77' lang='lat' dir='ltr'>deposivit</span> <span class='ocrx_word' id='word_1_208' title='bbox 319 2939 353 3002; x_wconf 92' lang='lat' dir='ltr'>in</span> <span class='ocrx_word' id='word_1_209' title='bbox 375 2938 503 3024; x_wconf 89' lang='lat' dir='ltr'>stropha</span> <span class='ocrx_word' id='word_1_210' title='bbox 526 2938 621 3002; x_wconf 88' lang='lat' dir='ltr'>altera</span> <span class='ocrx_word' id='word_1_211' title='bbox 643 2938 789 3002; x_wconf 90' lang='lat' dir='ltr'>carminis</span> <span class='ocrx_word' id='word_1_212' title='bbox 811 2936 966 3001; x_wconf 90' lang='lat' dir='ltr'>XXXIIII</span> <span class='ocrx_word' id='word_1_213' title='bbox 989 2938 1028 3001; x_wconf 91' lang='lat' dir='ltr'>ad</span> <span class='ocrx_word' id='word_1_214' title='bbox 1049 2937 1156 3002; x_wconf 89' lang='lat' dir='ltr'>laudes</span> <span class='ocrx_word' id='word_1_215' title='bbox 1171 2938 1289 3002; x_wconf 90' lang='lat' dir='ltr'>Dianae</span> 
     </span>
     <span class='ocr_line' id='line_1_26' title="bbox 149 3042 1289 3129; baseline 0.002 -23"><span class='ocrx_word' id='word_1_216' title='bbox 149 3042 349 3107; x_wconf 89' lang='lat' dir='ltr'>celebrandas</span> <span class='ocrx_word' id='word_1_217' title='bbox 365 3043 538 3129; x_wconf 88' lang='lat' dir='ltr'>compositi,</span> <span class='ocrx_word' id='word_1_218' title='bbox 563 3044 619 3108; x_wconf 90' lang='lat' dir='ltr'>ubi</span> <span class='ocrx_word' id='word_1_219' title='bbox 629 3045 690 3108; x_wconf 77' lang='lat' dir='ltr'>ul</span> <span class='ocrx_word' id='word_1_220' title='bbox 708 3063 752 3124; x_wconf 92' lang='lat' dir='ltr'>sq.</span> <span class='ocrx_word' id='word_1_221' title='bbox 768 3042 926 3125; x_wconf 84' lang='lat' dir='ltr'>leguntur:</span> <span class='ocrx_word' id='word_1_222' title='bbox 957 3063 1063 3125; x_wconf 85' lang='lat' dir='ltr'>,quam</span> <span class='ocrx_word' id='word_1_223' title='bbox 1083 3049 1182 3107; x_wconf 88' lang='lat' dir='ltr'>mater</span> <span class='ocrx_word' id='word_1_224' title='bbox 1195 3064 1289 3129; x_wconf 92' lang='lat' dir='ltr'>prope</span> 
     </span>
     <span class='ocr_line' id='line_1_27' title="bbox 151 3145 1288 3233; baseline 0 -23"><span class='ocrx_word' id='word_1_225' title='bbox 151 3146 274 3211; x_wconf 88' lang='lat' dir='ltr'>Deliam</span> <span class='ocrx_word' id='word_1_226' title='bbox 305 3148 309 3232; x_wconf 73' lang='grc'><strong>1</strong></span> <span class='ocrx_word' id='word_1_227' title='bbox 340 3147 497 3233; x_wconf 88' lang='lat' dir='ltr'>deposivit</span> <span class='ocrx_word' id='word_1_228' title='bbox 524 3146 656 3212; x_wconf 87' lang='lat' dir='ltr'>olivam‘.</span> <span class='ocrx_word' id='word_1_229' title='bbox 697 3146 748 3210; x_wconf 84' lang='lat' dir='ltr'>Sic</span> <span class='ocrx_word' id='word_1_230' title='bbox 779 3145 896 3231; x_wconf 88' lang='lat' dir='ltr'>primus</span> <span class='ocrx_word' id='word_1_231' title='bbox 921 3147 1097 3212; x_wconf 85' lang='lat' dir='ltr'>emendavit</span> <span class='ocrx_word' id='word_1_232' title='bbox 1126 3148 1288 3212; x_wconf 91' lang='lat' dir='ltr'>Palladius</span> 
     </span>
     <span class='ocr_line' id='line_1_28' title="bbox 148 3251 1289 3335; baseline 0.003 -21"><span class='ocrx_word' id='word_1_233' title='bbox 148 3251 290 3315; x_wconf 91' lang='lat' dir='ltr'>codicum</span> <span class='ocrx_word' id='word_1_234' title='bbox 327 3255 472 3334; x_wconf 74' lang='lat' dir='ltr'>deposcit</span> <span class='ocrx_word' id='word_1_235' title='bbox 507 3251 692 3335; x_wconf 89' lang='lat' dir='ltr'>scripturam</span> <span class='ocrx_word' id='word_1_236' title='bbox 728 3256 826 3314; x_wconf 90' lang='lat' dir='ltr'>metro</span> <span class='ocrx_word' id='word_1_237' title='bbox 860 3257 895 3314; x_wconf 91' lang='lat' dir='ltr'>ut</span> <span class='ocrx_word' id='word_1_238' title='bbox 930 3251 1093 3316; x_wconf 86' lang='lat' dir='ltr'>observare</span> <span class='ocrx_word' id='word_1_239' title='bbox 1126 3252 1201 3317; x_wconf 89' lang='lat' dir='ltr'>licet</span> <span class='ocrx_word' id='word_1_240' title='bbox 1227 3274 1289 3317; x_wconf 92' lang='lat' dir='ltr'>non</span> 
     </span>
     <span class='ocr_line' id='line_1_29' title="bbox 150 3355 1288 3442; baseline 0.003 -24"><span class='ocrx_word' id='word_1_241' title='bbox 150 3355 423 3422; x_wconf 87' lang='lat' dir='ltr'>accommodatam.</span> <span class='ocrx_word' id='word_1_242' title='bbox 477 3355 673 3441; x_wconf 81' lang='lat' dir='ltr'>Quantopere</span> <span class='ocrx_word' id='word_1_243' title='bbox 709 3362 812 3420; x_wconf 91' lang='lat' dir='ltr'>autem</span> <span class='ocrx_word' id='word_1_244' title='bbox 842 3355 997 3419; x_wconf 85' lang='lat' dir='ltr'>veteribus</span> <span class='ocrx_word' id='word_1_245' title='bbox 1031 3356 1194 3442; x_wconf 86' lang='lat' dir='ltr'>placuerit</span> <span class='ocrx_word' id='word_1_246' title='bbox 1217 3357 1288 3422; x_wconf 88' lang='lat' dir='ltr'>talis</span> 
     </span>
     <span class='ocr_line' id='line_1_30' title="bbox 150 3460 1288 3547; baseline 0.002 -25"><span class='ocrx_word' id='word_1_247' title='bbox 150 3460 244 3523; x_wconf 92' lang='lat' dir='ltr'>huius</span> <span class='ocrx_word' id='word_1_248' title='bbox 275 3461 403 3545; x_wconf 91' lang='lat' dir='ltr'>perfecti</span> <span class='ocrx_word' id='word_1_249' title='bbox 435 3460 649 3538; x_wconf 89' lang='lat' dir='ltr'>conformatio,</span> <span class='ocrx_word' id='word_1_250' title='bbox 681 3466 841 3545; x_wconf 90' lang='lat' dir='ltr'>poetarum</span> <span class='ocrx_word' id='word_1_251' title='bbox 873 3460 1080 3524; x_wconf 87' lang='lat' dir='ltr'>scaenicorum</span> <span class='ocrx_word' id='word_1_252' title='bbox 1108 3468 1139 3525; x_wconf 89' lang='lat' dir='ltr'>et</span> <span class='ocrx_word' id='word_1_253' title='bbox 1159 3462 1288 3547; x_wconf 92' lang='lat' dir='ltr'>inscrip-</span> 
     </span>
     <span class='ocr_line' id='line_1_31' title="bbox 151 3562 1289 3649; baseline 0.002 -22"><span class='ocrx_word' id='word_1_254' title='bbox 151 3563 272 3627; x_wconf 88' lang='lat' dir='ltr'>tionum</span> <span class='ocrx_word' id='word_1_255' title='bbox 299 3564 449 3649; x_wconf 86' lang='lat' dir='ltr'>exemplis</span> <span class='ocrx_word' id='word_1_256' title='bbox 482 3567 652 3649; x_wconf 89' lang='lat' dir='ltr'>probarunt</span> <span class='ocrx_word' id='word_1_257' title='bbox 678 3564 791 3627; x_wconf 84' lang='lat' dir='ltr'>Struve</span> <span class='ocrx_word' id='word_1_258' title='bbox 820 3562 839 3626; x_wconf 95' lang='lat' dir='ltr'>l.</span> <span class='ocrx_word' id='word_1_259' title='bbox 868 3583 898 3628; x_wconf 92' lang='lat' dir='ltr'>n.</span> <span class='ocrx_word' id='word_1_260' title='bbox 926 3585 956 3648; x_wconf 94' lang='lat' dir='ltr'>p.</span> <span class='ocrx_word' id='word_1_261' title='bbox 987 3563 1057 3627; x_wconf 87' lang='lat'>198.</span> <span class='ocrx_word' id='word_1_262' title='bbox 1088 3565 1148 3629; x_wconf 78' lang='lat'>281</span> <span class='ocrx_word' id='word_1_263' title='bbox 1179 3586 1225 3649; x_wconf 93' lang='lat' dir='ltr'>sq.</span> <span class='ocrx_word' id='word_1_264' title='bbox 1258 3572 1289 3629; x_wconf 85' lang='lat' dir='ltr'>et</span> 
     </span>
    </p>
   </div>
   <div class='ocr_carea' id='block_1_9' title="bbox 149 3664 447 3752">
    <p class='ocr_par' dir='ltr' id='par_1_9' title="bbox 149 3664 447 3752">
     <span class='ocr_line' id='line_1_32' title="bbox 149 3664 447 3752; baseline 0 -21"><span class='ocrx_word' id='word_1_265' title='bbox 149 3664 235 3731; x_wconf 87' lang='lat' dir='ltr'>Neue</span> <span class='ocrx_word' id='word_1_266' title='bbox 257 3668 298 3734; x_wconf 93' lang='grc' dir='ltr'>Π.</span> <span class='ocrx_word' id='word_1_267' title='bbox 322 3690 351 3752; x_wconf 92' lang='lat' dir='ltr'>p.</span> <span class='ocrx_word' id='word_1_268' title='bbox 374 3668 447 3731; x_wconf 84' lang='lat'>386.</span> 
     </span>
    </p>
   </div>
   <div class='ocr_carea' id='block_1_10' title="bbox 148 3805 1292 4412">
    <p class='ocr_par' dir='ltr' id='par_1_10' title="bbox 148 3805 1292 4412">
     <span class='ocr_line' id='line_1_33' title="bbox 236 3805 1288 3892; baseline 0.001 -23"><span class='ocrx_word' id='word_1_269' title='bbox 236 3805 359 3871; x_wconf 84' lang='lat' dir='ltr'>Tertiae</span> <span class='ocrx_word' id='word_1_270' title='bbox 383 3808 513 3891; x_wconf 85' lang='lat' dir='ltr'>denique</span> <span class='ocrx_word' id='word_1_271' title='bbox 536 3806 758 3889; x_wconf 85' lang='lat' dir='ltr'>coniugationis</span> <span class='ocrx_word' id='word_1_272' title='bbox 781 3827 879 3869; x_wconf 90' lang='lat' dir='ltr'>unum</span> <span class='ocrx_word' id='word_1_273' title='bbox 900 3809 1026 3892; x_wconf 82' lang='lat' dir='ltr'>praebet</span> <span class='ocrx_word' id='word_1_274' title='bbox 1042 3806 1178 3871; x_wconf 86' lang='lat' dir='ltr'>Catullus</span> <span class='ocrx_word' id='word_1_275' title='bbox 1200 3808 1288 3873; x_wconf 90' lang='lat' dir='ltr'>verbi</span> 
     </span>
     <span class='ocr_line' id='line_1_34' title="bbox 150 3909 1292 3996; baseline 0.003 -24"><span class='ocrx_word' id='word_1_276' title='bbox 150 3910 328 3995; x_wconf 87' lang='lat' dir='ltr'>exemplum</span> <span class='ocrx_word' id='word_1_277' title='bbox 360 3911 456 3992; x_wconf 82' lang='lat' dir='ltr'>vulgo</span> <span class='ocrx_word' id='word_1_278' title='bbox 494 3919 621 3996; x_wconf 86' lang='lat' dir='ltr'>quartae</span> <span class='ocrx_word' id='word_1_279' title='bbox 652 3909 773 3992; x_wconf 83' lang='lat' dir='ltr'>legibus</span> <span class='ocrx_word' id='word_1_280' title='bbox 808 3910 966 3974; x_wconf 88' lang='lat' dir='ltr'>subditicii</span> <span class='ocrx_word' id='word_1_281' title='bbox 995 3910 1086 3994; x_wconf 87' lang='lat' dir='ltr'>quale</span> <span class='ocrx_word' id='word_1_282' title='bbox 1116 3917 1164 3975; x_wconf 85' lang='lat' dir='ltr'>est</span> <span class='ocrx_word' id='word_1_283' title='bbox 1188 3917 1292 3993; x_wconf 80' lang='lat' dir='ltr'>potiri</span> 
     </span>
     <span class='ocr_line' id='line_1_35' title="bbox 148 4014 1289 4099; baseline 0.003 -23"><span class='ocrx_word' id='word_1_284' title='bbox 148 4014 281 4094; x_wconf 89' lang='lat' dir='ltr'>LXIIII,</span> <span class='ocrx_word' id='word_1_285' title='bbox 304 4018 384 4082; x_wconf 81' lang='lat'>402:</span> <span class='ocrx_word' id='word_1_286' title='bbox 424 4016 511 4095; x_wconf 90' lang='lat' dir='ltr'>,liber</span> <span class='ocrx_word' id='word_1_287' title='bbox 532 4024 567 4080; x_wconf 89' lang='lat' dir='ltr'>ut</span> <span class='ocrx_word' id='word_1_288' title='bbox 588 4016 736 4099; x_wconf 90' lang='lat' dir='ltr'>innuptae</span> <span class='ocrx_word' id='word_1_289' title='bbox 758 4020 912 4097; x_wconf 86' lang='lat' dir='ltr'>poteretur</span> <span class='ocrx_word' id='word_1_290' title='bbox 934 4016 1007 4080; x_wconf 89' lang='lat' dir='ltr'>flore</span> <span class='ocrx_word' id='word_1_291' title='bbox 1036 4023 1205 4079; x_wconf 85' lang='lat' dir='ltr'>novercae‘.</span> <span class='ocrx_word' id='word_1_292' title='bbox 1250 4016 1289 4079; x_wconf 92' lang='lat' dir='ltr'>In</span> 
     </span>
     <span class='ocr_line' id='line_1_36' title="bbox 149 4118 1289 4204; baseline 0.001 -22"><span class='ocrx_word' id='word_1_293' title='bbox 149 4119 201 4182; x_wconf 94' lang='lat' dir='ltr'>his</span> <span class='ocrx_word' id='word_1_294' title='bbox 235 4119 311 4184; x_wconf 90' lang='lat' dir='ltr'>item</span> <span class='ocrx_word' id='word_1_295' title='bbox 339 4119 459 4182; x_wconf 89' lang='lat' dir='ltr'>librarii</span> <span class='ocrx_word' id='word_1_296' title='bbox 491 4141 619 4184; x_wconf 88' lang='lat' dir='ltr'>manum</span> <span class='ocrx_word' id='word_1_297' title='bbox 646 4124 753 4204; x_wconf 88' lang='lat' dir='ltr'>poetae</span> <span class='ocrx_word' id='word_1_298' title='bbox 777 4118 996 4203; x_wconf 87' lang='lat' dir='ltr'>depravarunt,</span> <span class='ocrx_word' id='word_1_299' title='bbox 1028 4139 1097 4181; x_wconf 93' lang='lat' dir='ltr'>cum</span> <span class='ocrx_word' id='word_1_300' title='bbox 1119 4119 1289 4202; x_wconf 81' lang='lat' dir='ltr'>regularem</span> 
     </span>
     <span class='ocr_line' id='line_1_37' title="bbox 148 4222 1289 4308; baseline 0.002 -23"><span class='ocrx_word' id='word_1_301' title='bbox 148 4222 279 4287; x_wconf 81' lang='lat' dir='ltr'>sormam</span> <span class='ocrx_word' id='word_1_302' title='bbox 309 4229 470 4305; x_wconf 67' lang='lat' dir='ltr'>potaretur</span> <span class='ocrx_word' id='word_1_303' title='bbox 504 4224 727 4288; x_wconf 85' lang='lat' dir='ltr'>substituerent</span> <span class='ocrx_word' id='word_1_304' title='bbox 771 4243 898 4308; x_wconf 90' lang='lat' dir='ltr'>prorsus</span> <span class='ocrx_word' id='word_1_305' title='bbox 935 4223 1077 4307; x_wconf 87' lang='lat' dir='ltr'>ineptam.</span> <span class='ocrx_word' id='word_1_306' title='bbox 1146 4223 1289 4287; x_wconf 89' lang='lat' dir='ltr'>Ceterum</span> 
     </span>
     <span class='ocr_line' id='line_1_38' title="bbox 151 4325 1287 4412; baseline 0.004 -21"><span class='ocrx_word' id='word_1_307' title='bbox 151 4327 292 4392; x_wconf 86' lang='lat' dir='ltr'>eiusdem</span> <span class='ocrx_word' id='word_1_308' title='bbox 315 4327 430 4391; x_wconf 85' lang='lat' dir='ltr'>formae</span> <span class='ocrx_word' id='word_1_309' title='bbox 452 4334 488 4392; x_wconf 91' lang='lat' dir='ltr'>ut</span> <span class='ocrx_word' id='word_1_310' title='bbox 511 4327 548 4390; x_wconf 91' lang='lat' dir='ltr'>de</span> <span class='ocrx_word' id='word_1_311' title='bbox 564 4327 634 4391; x_wconf 89' lang='lat' dir='ltr'>aliis</span> <span class='ocrx_word' id='word_1_312' title='bbox 648 4333 775 4404; x_wconf 88' lang='lat' dir='ltr'>taceam,</span> <span class='ocrx_word' id='word_1_313' title='bbox 797 4326 885 4391; x_wconf 88' lang='lat' dir='ltr'>locus</span> <span class='ocrx_word' id='word_1_314' title='bbox 900 4332 947 4391; x_wconf 85' lang='lat' dir='ltr'>est</span> <span class='ocrx_word' id='word_1_315' title='bbox 965 4325 1046 4412; x_wconf 87' lang='lat' dir='ltr'>apud</span> <span class='ocrx_word' id='word_1_316' title='bbox 1061 4325 1185 4391; x_wconf 86' lang='lat' dir='ltr'>Attium</span> <span class='ocrx_word' id='word_1_317' title='bbox 1199 4328 1287 4412; x_wconf 80' lang='lat' dir='ltr'>Trag.</span> 
     </span>
    </p>
   </div>
   <div class='ocr_carea' id='block_1_11' title="bbox 148 4430 1290 4591">
    <p class='ocr_par' dir='ltr' id='par_1_11' title="bbox 148 4430 1290 4591">
     <span class='ocr_line' id='line_1_39' title="bbox 148 4430 1290 4511; baseline 0.002 -16"><span class='ocrx_word' id='word_1_318' title='bbox 148 4431 216 4496; x_wconf 91' lang='lat' dir='ltr'>roll.</span> <span class='ocrx_word' id='word_1_319' title='bbox 240 4433 312 4499; x_wconf 70' lang='grc'><strong>5110.</strong></span> <span class='ocrx_word' id='word_1_320' title='bbox 351 4432 470 4496; x_wconf 88' lang='lat' dir='ltr'>Terent.</span> <span class='ocrx_word' id='word_1_321' title='bbox 494 4431 616 4496; x_wconf 91' lang='lat' dir='ltr'>Phorm.</span> <span class='ocrx_word' id='word_1_322' title='bbox 639 4434 713 4501; x_wconf 81' lang='grc'><strong>469.</strong></span> <span class='ocrx_word' id='word_1_323' title='bbox 737 4434 810 4498; x_wconf 86' lang='grc'><strong>830.</strong></span> <span class='ocrx_word' id='word_1_324' title='bbox 859 4431 926 4494; x_wconf 87' lang='lat' dir='ltr'>Val.</span> <span class='ocrx_word' id='word_1_325' title='bbox 950 4430 1053 4494; x_wconf 85' lang='lat' dir='ltr'>Flacc.</span> <span class='ocrx_word' id='word_1_326' title='bbox 1079 4430 1146 4511; x_wconf 89' lang='lat' dir='ltr'>VH,</span> <span class='ocrx_word' id='word_1_327' title='bbox 1168 4433 1211 4498; x_wconf 88' lang='grc'>54</span> <span class='ocrx_word' id='word_1_328' title='bbox 1234 4453 1290 4497; x_wconf 91' lang='lat' dir='ltr'>nec</span> 
     </span>
     <span class='ocr_line' id='line_1_40' title="bbox 1078 4533 1116 4591; baseline 0 -23"><span class='ocrx_word' id='word_1_329' title='bbox 1078 4533 1116 4591; x_wconf 82' lang='lat'>3*</span> 
     </span>
    </p>
   </div>
   <div class='ocr_carea' id='block_1_12' title="bbox 0 0 1444 4852">
    <p class='ocr_par' dir='ltr' id='par_1_12' title="bbox 0 0 1444 4852">
     <span class='ocr_line' id='line_1_41' title="bbox 0 0 1444 4852; baseline 0 0"><span class='ocrx_word' id='word_1_330' title='bbox 0 0 1444 4852; x_wconf 95' lang='lat' dir='ltr'> </span> 
     </span>
    </p>
   </div>
  </div>
 </body>
</html>
