2872 4830
146 437 272 514 LXIIH,
289 436 361 502 262.
376 433 594 520 pinguisLXlI,
614 433 644 497 3.
668 432 808 498 lactentis
825 433 951 515 LXllll,
971 437 1134 503 6561161616
1148 437 1223 502 ibid.
1242 438 1282 500 87

147 541 233 605 auris
267 541 337 605 170.
375 538 463 604 661116
491 537 564 601 233.
603 537 713 620 iugalis
742 539 816 604 302.
854 540 973 603 euantis
1002 540 1072 606 391.
1110 541 1283 608 16116407.

148 645 249 709 dulcis
270 644 362 723 LXV,
386 644 416 708 3.
449 642 520 706 finis
543 642 650 722 LXVI,
677 645 725 708 12.
755 643 897 707 666166116
921 644 1090 722 LXVlIlb,
1115 647 1165 713 76.
1195 667 1285 731 pene·

148 750 236 813 166116
259 747 335 814 ibid.
361 748 433 813 102.
462 745 580 811 accedit
600 747 735 812 vocativi
758 756 855 811 forma
877 748 1016 830 aequalis
1039 749 1134 815 LXII.
1160 752 1209 816 11.
1233 750 1285 814 32.

148 854 227 917 Η166
249 851 456 916 convertimus
477 871 533 914 nos
555 849 594 913 ad

235 954 474 1023 6666616616
504 960 533 1019 61
558 955 755 1020 substantiva
783 964 814 1020 61
841 956 994 1020 adiectiva
1022 977 1099 1040 quae
1129 957 1285 1043 duplicem

148 1059 289 1125 flexionis
311 1058 438 1125 modum
460 1064 638 1142 sequuntur.

279 1259 308 1300 α.
332 1233 582 1298 substantiva
603 1233 836 1298 heteroclita
858 1242 889 1299 et
910 1235 1156 1301 abundantia.

236 1371 300 1447 Quo
322 1371 354 1434 in
378 1392 488 1455 genere
510 1373 680 1437 notandum
703 1382 750 1437 661
771 1374 962 1456 quorundam
979 1374 1198 1440 vocabulorum
1214 1377 1286 1438 fluc-

152 1475 322 1541 tuationem
354 1476 434 1540 inter
466 1475 604 1540 diversas
636 1477 808 1542 declinandi
839 1479 972 1542 rationes
1003 1478 1075 1542 11661
1105 1500 1121 1542 6
1148 1501 1286 1543 sermone

146 1579 256 1644 Latino
289 1601 449 1663 nunquam
482 1580 574 1667 plane
606 1583 774 1662 evanuerit,
808 1583 891 1668 apud
913 1600 1019 1669 poetas
1042 1592 1145 1648 161666
1167 1585 1286 1670 6616666

146 1684 245 1748 1611116
269 1684 362 1749 161166
380 1685 517 1770 patuisse
533 1705 626 1767 quam
641 1687 724 1772 apud
739 1688 931 1772 posteriores.
974 1688 1082 1771 Neque
1105 1688 1139 1752 id
1160 1689 1285 1753 mirum:

151 1810 223 1852 nam
248 1809 309 1871 quo
332 1791 465 1874 primum
489 1796 626 1874 tempore
648 1791 754 1876 populi
783 1791 941 1856 cuiusdam
965 1792 1087 1857 litterae
1108 1801 1286 1872 nascuntur,

148 1892 214 1955 fieri
237 1913 310 1957 6666
333 1894 441 1976 nequit
456 1895 532 1976 quin
546 1915 658 1977 magna
675 1897 839 1960 verborum
856 1897 1084 1978 formarumque
1101 1897 1187 1981 copia
1202 1918 1286 1980 6666-

151 2007 200 2061 616
222 1997 264 2063 611
285 1997 422 2062 nondum
444 1998 644 2063 coerciturum
676 2000 767 2062 666116
797 1999 994 2081 elegantioris
1026 2000 1136 2063 aetatis
1157 1999 1285 2081 legibus.

148 2103 188 2166 Et
210 2102 293 2167 cadit
314 2103 373 2167 hoc
394 2103 521 2184 quidem
544 2103 708 2188 praecipue
730 2103 764 2165 in
778 2104 1009 2166 terminationes
1026 2105 1287 2168 substantivorum

147 2215 178 2271 61
208 2205 436 2273 adiectivorum
467 2207 577 2292 priscis
612 2207 790 2270 Latinorum
824 2208 1014 2292 temporibus
1052 2207 1127 2271 satis
1158 2207 1287 2272 licenter

146 2317 303 2388 tractatas,
338 2310 370 2374 id
404 2310 486 2393 quod
514 2333 552 2374 ex
580 2317 666 2396 parte
696 2311 805 2376 docent
833 2311 978 2396 exempla
1000 2331 1077 2394 quae
1099 2311 1288 2394 collegerunt

148 2416 243 2480 Proll.
266 2417 286 2480 l.
304 2438 334 2480 n.
358 2438 387 2501 p.
407 2415 531 2481 18-21
556 2423 587 2479 61
608 2414 693 2480 Neue
715 2416 739 2478 I.
763 2437 789 2500 p.
810 2416 871 2480 362
889 2437 932 2499 sq.
963 2417 1081 2481 Verum
1102 2415 1289 2480 1166611666-

148 2520 223 2584 tiam
255 2527 346 2603 atque
380 2519 617 2584 inconstantiam
640 2519 771 2583 Romani
804 2541 840 2582 66
874 2521 1072 2605 potissimum
1101 2525 1202 2584 aetate
1226 2541 1287 2603 qua

148 2624 285 2707 linguam
308 2646 396 2687 suam
416 2623 456 2686 ad
472 2623 637 2687 concinnas
655 2625 839 2688 Graecorum
855 2624 934 2706 leges
950 2624 1140 2702 excolebant,
1164 2644 1285 2687 summo

147 2750 238 2813 opere
261 2728 446 2793 studuerunt
467 2749 632 2806 removere,
655 2727 699 2791 ita
720 2735 822 2791 tamen
846 2734 880 2790 ut
902 2747 998 2810 pauca
1016 2727 1183 2791 retinerent
1197 2748 1285 2791 voca-

147 2831 221 2898 bula
242 2853 320 2916 quae
342 2841 377 2897 ut
398 2832 484 2896 varia
506 2832 627 2896 ratione
649 2831 874 2895 inflecterentur
901 2830 983 2893 vitae
1005 2830 1191 2894 cousuetudo
1215 2853 1285 2895 san-

146 2943 240 3002 xerat.
269 2938 378 3019 Itaque
394 2937 486 3001 etiam
500 2936 650 3016 Catullus,
673 2944 763 3022 poeta
779 2934 962 2998 urbanitatis
979 2933 1093 3017 ubique
1115 2935 1285 3014 studIosus,

147 3043 210 3106 1666
232 3041 312 3105 nihil
329 3064 367 3106 ex
384 3063 419 3105 66
435 3062 544 3123 genere
557 3041 651 3106 habet
662 3042 742 3122 quod
752 3037 907 3103 communi
930 3038 1119 3123 scriptorum
1143 3061 1201 3103 usu
1224 3061 1287 3104 non

147 3150 361 3232 comprobetur
384 3147 518 3231 66666116
543 3144 666 3228 quidem
691 3165 752 3206 non
781 3142 873 3205 nullis
895 3144 1004 3220 rebus,
1028 3143 1200 3226 inquibus
1224 3144 1287 3206 sin-

146 3252 283 3335 gularem
316 3251 471 3333 quandam
500 3249 650 3312 rationem
677 3255 800 3312 secutus
831 3267 897 3310 esse
934 3247 1095 3330 reperitur.
1149 3247 1288 3310 Pertinet

147 3363 248 3418 autern
271 3355 330 3419 hue
349 3355 485 3438 primum
505 3352 632 3436 quidem
654 3350 737 3435 quod
760 3373 830 3415 cum
853 3350 951 3413 dicere
974 3357 1096 3414 acinam
1112 3350 1163 3414 vel
1179 3357 1288 3414 661666

147 3466 251 3546 666661
261 3459 350 3544 longe
360 3459 460 3544 poetis
471 3457 718 3533 usitatissimum,
742 3455 824 3519 solus
841 3463 876 3518 ut
892 3455 1015 3519 videtur
1032 3455 1143 3519 maluit
1158 3454 1287 3517 eandem

147 3585 251 3628 vocem
275 3565 393 3649 primae
416 3562 610 3628 declinationi
631 3561 767 3626 tribuere
783 3558 912 3636 XXVII,
931 3563 950 3623 4
972 3559 1015 3622 ita
1045 3559 1175 3624 ‘ebriosa
1197 3557 1286 3622 acina

148 3667 344 3733 ebriosioris‘.
398 3666 554 3730 Catullum
588 3685 693 3728 revera
725 3664 782 3727 hoc
813 3663 904 3728 modo
937 3664 1096 3748 scripsisse
1124 3663 1226 3726 minus
1250 3682 1287 3725 66

146 3772 244 3858 166166
268 3772 426 3837 codicibus
448 3792 541 3854 quam
557 3792 595 3834 ex
612 3766 764 3832 Gellianis
780 3768 973 3851 perspicitur,
996 3768 1058 3832 11161
1082 3768 1157 3830 16616
1181 3765 1287 3830 aCol·

146 3878 265 3942 bertino
289 3885 320 3940 61
341 3876 526 3940 8661661666
549 3871 712 3938 recesseris
736 3891 865 3954 quorum
890 3871 1016 3935 traditio
1038 3877 1140 3935 661666
1162 3870 1287 3955 6666166

147 3982 187 4045 ad
217 3981 378 4046 veritatem
406 3979 531 4044 accedit.
576 3976 637 4041 Sed
666 3975 869 4040 certissimam
899 3975 971 4038 huie
1001 3975 1068 4040 loco
1099 3974 1284 4040 medicinam

147 4087 278 4151 afferunt
300 4084 376 4147 libri
399 4104 475 4167 quos
503 4083 640 4147 diximus
665 4079 767 4156 Gellii,
791 4078 845 4161 qui
868 4079 905 4144 N.
922 4080 960 4143 A.
977 4079 1030 4156 VI,
1055 4081 1106 4157 20,
1130 4080 1204 4146 6Η.
1228 4080 1288 4164 pri·

148 4213 214 4255 mos
238 4188 385 4253 carminis
408 4188 506 4252 nostri
529 4208 640 4252 versus
664 4190 794 4268 quatuor
816 4182 921 4246 citavit
940 4191 970 4247 et
992 4183 1029 4246 de
1052 4204 1083 4246 66
1105 4183 1174 4268 ipsa
1195 4204 1287 4266 quam

148 4295 282 4380 aggressi
311 4315 418 4358 sumus
446 4293 571 4358 uberius
600 4291 670 4374 egit.
716 4290 854 4374 Apparet
889 4295 993 4352 autem
1024 4286 1115 4351 simul
1150 4309 1188 4350 66
1220 4287 1287 4351 eius

147 4399 251 4465 verbis
274 4399 410 4485 speciose
429 4395 598 4462 emendatis
622 4397 660 4460 ab
677 4393 813 4480 Η666116
830 4393 892 4457 ind.
910 4393 979 4457 1661.
996 4391 1095 4456 Berol.
1111 4398 1185 4458 aest.
1205 4392 1286 4456 1857
