2872 4852
654 228 697 294 59

111 430 214 485 autem
249 441 341 485 canae
367 420 480 506 Tethyi
515 422 668 487 restituit‘.
714 421 775 486 Sed
807 421 840 483 in
870 420 974 505 priore
1003 439 1093 484 versu
1116 419 1181 500 qui,
1211 439 1249 481 ne

110 525 250 590 incuriae
272 547 322 589 me
338 525 408 608 quis
426 532 541 608 arguat,
564 526 715 590 curiosius
735 525 912 590 tractandus
928 531 990 602 est,
1012 523 1104 588 libris
1119 523 1249 586 sinceris

112 632 254 693 Minoida
276 630 423 708 traditur,
451 631 533 713 quod
561 631 588 693 si
611 631 703 694 totius
733 629 880 693 orationis
903 636 1089 693 structuram
1111 626 1249 712 respicis,

111 756 149 797 ex
178 735 245 817 lege
276 735 475 816 grammatica
497 744 577 799 stare
606 735 722 817 nequit.
768 733 876 797 Itidem
899 734 1034 797 virorum
1058 731 1249 815 quorundam

110 846 239 903 conatus
268 839 329 902 loci
358 839 542 902 emendandi
572 840 637 903 sive
668 841 767 923 ipsam
791 858 896 902 vocem
918 858 1012 922 prave
1035 835 1250 920 corrigentium

110 943 176 1008 sive
209 943 396 1008 sententiam
425 943 587 1008 relativam
611 944 703 1029 plane
728 942 816 1006 aliter
848 942 1055 1018 formantium,
1088 961 1180 1024 quem
1211 939 1250 1002 ad

109 1048 236 1112 modum
276 1047 395 1132 placuit
431 1047 582 1111 Dorvillio
614 1048 653 1110 ad
681 1048 836 1112 Chariton.
864 1070 894 1132 p.
923 1048 986 1112 263
1018 1052 1089 1130 post
1119 1064 1251 1127 eumque

109 1151 242 1234 Berghio
266 1152 310 1215 ita
333 1151 466 1217 scribere
486 1152 665 1216 iubentibus
688 1152 781 1234 ,quali
797 1152 934 1216 Minoida
948 1151 1053 1230 luctu‘,
1076 1149 1116 1214 ad
1130 1149 1250 1212 irritum

110 1257 192 1339 quod
224 1277 279 1339 ego
301 1256 484 1340 perspiciam
516 1255 701 1319 ceciderunt.
757 1257 869 1320 Omnes
900 1255 1016 1320 scilicet
1045 1255 1187 1319 laborant
1215 1273 1250 1316 eo

110 1362 191 1444 quod
222 1360 272 1424 vel
306 1360 493 1424 consuetudo
522 1367 630 1444 poetae
659 1361 751 1424 nimis
783 1360 949 1443 negligitur
982 1360 1031 1423 vel
1063 1358 1250 1423 concinnitas

109 1466 262 1528 sermonis
278 1485 371 1546 quam
387 1485 425 1528 ne
444 1465 548 1528 laedas
564 1464 739 1527 membrum
762 1463 894 1528 alterum
910 1465 1109 1528 vehementer
1123 1463 1249 1546 flagitat,

107 1588 235 1654 prorsus
258 1569 418 1632 evertitur.
450 1568 559 1650 Itaque
583 1568 660 1631 nihil
685 1589 758 1631 sano
779 1569 950 1651 elegantius
966 1576 1013 1633 est
1031 1567 1112 1651 qued
1128 1573 1249 1652 poetam

108 1673 195 1757 decet
225 1673 368 1756 idemque
401 1671 571 1757 simplicius
604 1693 695 1755 quam
734 1674 888 1755 vulgatam
920 1675 1050 1737 retinere
1086 1672 1249 1736 lectionem

108 1779 259 1853 Minoidi,
284 1776 371 1840 volut
385 1777 484 1840 altero
501 1776 638 1840 Catullus
660 1778 726 1841 loco
744 1777 930 1841 Graecorum
945 1799 1030 1842 more
1048 1778 1156 1859 Thetpi
1170 1776 1251 1839 dixit

106 1881 220 1944 litteris
244 1881 320 1945 satis
343 1880 522 1964 perspicuis.
567 1881 695 1945 Accedit
718 1882 801 1964 qued
822 1883 912 1967 plane
936 1882 1043 1946 eodem
1065 1880 1156 1946 modo
1179 1880 1249 1944 ulti-

105 2005 192 2049 mam
226 1985 344 2050 Statius
376 1984 524 2069 corripuit
554 1986 587 2046 in
623 1985 725 2049 Iasoni
759 1986 854 2052 Theb.
879 1986 939 2063 Ill,
972 1987 1034 2053 521
1067 1994 1099 2049 ct
1128 1984 1250 2048 Palladi

107 2089 223 2154 Achill.
239 2090 264 2168 I,
288 2090 359 2155 285.
406 2088 551 2153 Ceterum
582 2089 619 2152 de
653 2090 710 2153 hac
737 2112 769 2153 re
797 2090 889 2173 digna
917 2097 989 2153 sunt
1012 2109 1090 2172 quae
1111 2088 1251 2170 legantur

106 2196 207 2259 verba
244 2194 280 2257 L.
304 2193 446 2256 Muellcri
480 2215 509 2277 p.
534 2193 598 2256 392
632 2201 662 2256 et
693 2194 734 2259 M.
758 2194 889 2279 Hauptii
920 2200 978 2258 act.
1009 2200 1135 2260 menstr.
1169 2192 1250 2256 acad.

105 2297 244 2363 Berolin.
270 2299 351 2362 1861
377 2319 405 2382 p.
431 2299 511 2361 1077
537 2304 567 2361 et
587 2297 651 2362 ind.
676 2298 745 2361 lect.
769 2298 883 2363 Berlin.
907 2299 1016 2365 aestiv.
1047 2298 1124 2364 1855
1148 2320 1177 2383 p.
1201 2298 1249 2361 12.

105 2403 198 2467 Nevii
221 2403 236 2465 I
258 2424 289 2486 p.
314 2403 388 2467 309.
432 2401 478 2464 Ex
511 2401 579 2464 illis
613 2424 687 2466 vero
719 2424 798 2485 quae
820 2426 838 2466 a
861 2403 985 2467 Graecis
1017 2410 1109 2488 poeta
1130 2403 1250 2480 ascivit,

107 2513 229 2572 certum
259 2527 321 2569 non
348 2505 438 2590 plane
465 2506 552 2570 deest
583 2528 694 2570 nornen
728 2509 759 2570 in
790 2529 849 2589 quo
878 2508 1096 2593 proprietatem
1127 2507 1251 2588 linguae

105 2612 231 2676 Latinae
266 2611 375 2674 maluit
409 2611 497 2692 sequi
530 2610 620 2692 quale
654 2619 701 2675 est
739 2614 861 2674 Thetidi
888 2611 1013 2691 LXIIII,
1041 2613 1080 2676 21
1114 2618 1144 2675 et
1172 2611 1250 2689 3363

105 2717 238 2781 alterum
263 2716 345 2779 enim
369 2718 451 2797 qucd
467 2715 505 2777 ab
521 2715 642 2778 homine
663 2715 794 2796 quodam
812 2714 900 2780 docto
916 2715 1000 2800 apud
1016 2715 1251 2779 Valckenarium

105 2822 269 2885 inventum
300 2819 375 2883 clim
405 2818 495 2902 vulgo
518 2819 676 2902 legebatur
698 2818 867 2903 Lycaonidi
888 2820 1005 2900 LXVI,
1022 2821 1062 2884 66
1086 2819 1124 2884 de
1147 2820 1249 2884 causis

105 2945 183 3008 quas
207 2946 300 3010 supra
322 2924 527 2987 indicavimus
550 2923 751 3009 improbabile
774 2930 831 2990 est.

192 3029 259 3093 Iam
275 3030 346 3093 hinc
363 3028 402 3092 ad
417 3029 578 3092 nominum
595 3028 818 3109 verborumque
839 3029 952 3093 formas
968 3031 1048 3093 in·o
1073 3031 1249 3094 desinentes

105 3135 267 3220 proximus
290 3134 322 3196 fit
338 3133 493 3198 transitus.
518 3134 652 3209 Quarum
668 3154 737 3195 cum
754 3139 875 3196 constet
889 3134 1022 3218 priscam
1039 3142 1070 3198 et
1085 3135 1250 3218 genuinam

105 3238 310 3323 quantitatem
341 3237 420 3300 hanc
449 3257 515 3300 esee
539 3243 573 3300 ut
595 3235 779 3322 producatur
800 3237 924 3321 syllaba
946 3238 1058 3318 tinalis,
1087 3238 1250 3323 paullatim

105 3363 169 3406 non
191 3350 256 3407 tam
288 3342 459 3424 eloquendo
487 3361 579 3423 quam
610 3338 770 3405 scribendo
799 3341 913 3404 vocalis
943 3342 1059 3426 origine
1082 3363 1139 3406 sua
1161 3343 1251 3424 longa

105 3452 266 3511 attenuata
294 3453 341 3509 est
368 3447 501 3509 maxime
532 3447 565 3508 iu
588 3445 745 3510 vocabulis
773 3446 869 3509 iambi
892 3446 981 3532 pedis
1004 3468 1149 3511 mensura
1170 3468 1250 3511 com-

105 3550 274 3636 prehensis,
299 3571 376 3632 quac
400 3550 504 3614 omnia
526 3559 560 3613 ut
582 3551 625 3614 ait
647 3549 835 3613 Ritschclius
858 3550 953 3615 Prcll.
969 3548 1051 3616 Trin.
1075 3573 1103 3635 p.
1129 3550 1251 3614 CLXVI

106 3656 190 3721 vitae
224 3654 413 3719 consuetudo
445 3675 536 3736 passa
559 3663 605 3718 est
634 3655 722 3719 brevi
750 3661 887 3718 extrema
908 3655 1110 3741 pronuntiari.
1156 3655 1250 3737 Atqui

106 3760 158 3825 vel
180 3761 213 3824 in
237 3759 441 3823 iambicarum
463 3779 574 3821 vocum
590 3759 780 3843 correptione
804 3780 865 3842 qua
886 3758 1068 3844 saepissime
1084 3759 1250 3824 utebantur

106 3872 226 3930 veteres
249 3869 367 3948 poetae,
391 3863 475 3927 cauti
498 3862 664 3926 admodum
688 3864 813 3927 fuerunt
836 3863 1058 3949 dactylicarum
1080 3864 1143 3926 fere
1166 3864 1249 3949 prin-

108 3966 190 4051 cipes
213 3966 350 4030 Lucilius
380 3968 537 4031 Lucretius
572 3989 628 4030 nec
662 3988 724 4030 non
747 3968 900 4048 Catullum
934 3969 978 4032 ita
1006 3977 1110 4032 tamen
1137 3975 1171 4031 ut
1199 3969 1250 4031 hic

108 4070 214 4156 paullo
249 4070 320 4156 plus
352 4072 383 4134 in
412 4094 448 4135 ea
475 4094 508 4135 rc
542 4072 603 4135 sibi
625 4072 825 4156 permitteret.
870 4071 975 4136 Nihilo
997 4072 1097 4137 secius
1119 4095 1157 4137 ex
1180 4073 1249 4136 sub-

109 4175 316 4240 stantivorum
332 4197 460 4240 numero
478 4178 574 4241 sclam
589 4179 719 4239 hooriaio
736 4198 840 4240 vocem
859 4177 970 4240 ultima
985 4180 1122 4260 correpta
1137 4177 1250 4240 extulit

110 4278 230 4344 duobus
260 4280 335 4345 locis
358 4280 489 4359 XXIIII,
513 4284 531 4343 7
556 4288 587 4345 et
610 4280 703 4360 CXV,
721 4281 749 4346 8.
782 4281 932 4345 Produxit
955 4278 1084 4343 eandem
1107 4281 1164 4344 sub
1187 4281 1250 4344 ictu

109 4383 210 4464 XVII,
236 4385 284 4450 12.
320 4384 456 4462 LXXXI,
481 4390 509 4451 2.
544 4385 748 4464 LXXXXlll,
773 4388 802 4450 2.
838 4385 934 4465 CXII,
963 4393 974 4451 l
1006 4392 1037 4448 et
1066 4385 1099 4448 in
1121 4384 1248 4451 elisione
