2872 4852
716 319 737 384 3

158 513 275 593 partem
300 507 410 574 divino
432 505 567 590 quodam
588 497 695 573 ardore
718 513 750 572 et
770 507 889 593 impetu
919 506 959 572 ad
982 506 1117 572 earmina
1139 505 1298 572 condenda

159 612 367 677 inflammasse
390 617 520 691 constat,
553 615 588 675 ut
614 611 653 676 do
675 615 787 677 amoris
809 613 1023 697 amicitiaeque
1045 611 1167 694 gaudiis
1189 631 1224 675 ac
1246 611 1298 676 do-

159 715 274 782 loribus
298 716 453 800 cleganter
475 715 616 783 disserat.
659 715 765 800 Neque
789 738 858 781 vero
874 718 979 781 mirari
993 717 1052 782 boc
1066 715 1193 799 quidem
1208 715 1296 780 licet:

159 841 215 904 pro
238 822 430 906 temporibus
454 821 537 885 enim
558 820 624 884 illis
647 820 888 907 corruptissimis
911 822 1024 904 quibus
1044 841 1154 904 genera
1173 819 1299 884 virtutis

159 945 194 987 ea
216 925 329 1007 quibus
344 926 475 988 maiores
491 923 700 988 Romanorum
714 925 941 1010 praestiterant,
964 925 1017 989 vix
1032 925 1126 989 etiam
1146 924 1299 1002 inlibris,

156 1028 270 1092 nedum
292 1028 326 1091 in
347 1029 483 1092 moribus
498 1029 730 1113 reperiebantur
753 1029 806 1114 (cl.
823 1029 885 1094 Cic.
902 1050 955 1115 pro
972 1028 1076 1094 Caelio
1095 1030 1146 1108 17,
1162 1029 1220 1113 40)
1243 1029 1299 1093 ubi

159 1131 567 1216 indomitiscupiditatr’bus
590 1133 732 1198 omnibus
761 1154 850 1197 suam
881 1135 1012 1216 quisque
1040 1125 1299 1218 utilitatem'cap-

164 1239 251 1301 tabat
273 1257 328 1299 nec
349 1235 459 1318 gradu,
492 1234 545 1300 sed
575 1236 700 1301 incitato
728 1258 818 1301 cursu
841 1238 874 1300 in
899 1237 1058 1301 luxuriam
1072 1236 1298 1320 mollitiemque

161 1341 243 1404 cives
261 1361 293 1405 se
308 1340 562 1425 praecipitabant,
584 1361 645 1405 non
660 1341 762 1426 potuit
776 1340 883 1425 utique
897 1342 974 1419 fieri,
991 1341 1067 1423 quin
1083 1362 1188 1405 eorum
1206 1341 1298 1405 etiam

158 1443 296 1509 studium
322 1444 455 1509 civitatis
478 1444 593 1508 liberae
621 1446 753 1509 tuendae
784 1445 883 1529 magis
905 1445 1066 1528 magisque
1088 1445 1300 1528 languesceret

160 1557 192 1614 et
213 1550 339 1614 tandem
363 1550 488 1613 omuino
504 1549 745 1631 extingueretur.
777 1550 879 1631 Atque
895 1548 970 1613 haec
984 1569 1106 1613 morum
1122 1548 1299 1633 depravatio

157 1673 238 1736 quae
262 1660 413 1737 quantum
437 1653 598 1717 Caesarem
632 1659 703 1739 post
736 1653 866 1735 eiusque
888 1660 1020 1717 mortem
1043 1652 1244 1717 Octavianum
1266 1651 1299 1715 in

160 1759 300 1822 consiliis
324 1778 402 1841 quae
426 1759 464 1821 de
487 1758 645 1843 republica
671 1757 838 1823 evertenda
861 1764 1003 1842 ceperant
1024 1756 1225 1839 exsequendis
1247 1755 1299 1820 ad·

157 1863 271 1927 iuverit
292 1864 448 1926 neminem
482 1863 544 1926 fere
577 1863 663 1945 fugit,
696 1883 752 1925 nec
779 1881 842 1926 non
869 1860 1062 1925 miserrimus
1085 1859 1219 1925 civitatis
1241 1859 1300 1923 Ro-

155 1987 264 2030 manae
287 1972 384 2030 status
408 1967 461 2030 ille
483 1987 518 2030 ac
537 1965 674 2030 condicio
697 1967 772 2029 satis
795 1986 868 2028 sane
889 1963 1115 2050 impedimenti
1130 1962 1197 2027 loco
1213 1970 1300 2028 erant

157 2091 217 2152 quo
250 2070 353 2133 minus
383 2069 516 2154 lyricum
541 2069 644 2155 poesis
671 2089 769 2150 genus
802 2090 858 2133 nec
881 2069 1035 2134 Ciceronis
1067 2088 1123 2132 nec
1152 2067 1296 2153 proximo

156 2173 288 2256 Augusti
323 2173 441 2238 saeculo
474 2173 604 2238 formam
637 2194 708 2239 vere
731 2172 914 2258 popularem
937 2173 1088 2240 indueret.
1134 2172 1242 2255 Itaque
1266 2179 1298 2237 et

157 2284 249 2340 antea
271 2286 302 2342 et
322 2286 431 2362 postea
452 2278 568 2342 factum
582 2277 733 2357 videmus,
755 2283 792 2341 ut
806 2297 1005 2360 quaecunque
1017 2277 1056 2341 ad
1071 2277 1298 2362 rempublicam

157 2380 283 2463 quidem
298 2382 483 2467 pertinentia
500 2382 639 2447 versibus
655 2381 892 2467 explicarentur,
916 2403 952 2446 ea
967 2382 1031 2445 fere
1045 2401 1168 2465 semper
1190 2389 1299 2467 poetae

157 2485 261 2549 satiris
283 2493 315 2550 et
337 2485 564 2571 epigrammatis
595 2492 853 2571 persequerentur
887 2493 917 2550 et
939 2486 1138 2551 celebrarent.
1185 2486 1299 2551 Contra

157 2587 188 2650 in
211 2589 278 2652 vita
299 2591 419 2675 privata
441 2610 519 2673 quae
542 2611 579 2654 ex
601 2589 821 2655 consuetudine
843 2589 1004 2654 hominurn
1026 2597 1058 2654 et
1072 2588 1246 2674 gratissima
1267 2597 1299 2681 et

158 2693 358 2759 acerbissima
379 2693 510 2778 singulis
543 2693 643 2758 multa
673 2694 816 2759 oriuntur
844 2715 901 2758 nec
923 2715 984 2759 non
1007 2693 1180 2758 consimiles
1203 2693 1296 2759 huius

157 2797 242 2861 modi
263 2818 373 2862 causae
395 2798 474 2863 aliae
496 2798 686 2862 extrinsecus
708 2797 831 2863 oblatae
854 2797 929 2863 satis
957 2797 1039 2863 latus
1065 2803 1130 2862 erat
1158 2817 1297 2882 campus,

158 2902 193 2963 in
216 2920 277 2983 quo
311 2901 467 2966 exsultare
497 2909 602 2986 posset
634 2907 796 2986 poetarum
819 2901 987 2986 lyricorum
1010 2901 1116 2966 oratio.
1160 2901 1200 2966 Et
1222 2922 1296 2966 sane

156 3004 282 3087 quidem
302 3004 359 3068 illa
386 3025 446 3088 qua
469 3004 611 3069 Catullus
636 3005 718 3069 vixit
739 3012 838 3070 aetate
861 3006 942 3070 haud
966 3007 1109 3090 exiguam
1131 3012 1295 3091 poetarum

156 3106 388 3172 multitudinem
411 3109 551 3172 extitisse
573 3109 628 3191 qui
650 3109 823 3173 studiorum
846 3111 1057 3175 communione
1086 3116 1117 3174 et
1138 3109 1296 3174 familiari-

155 3211 230 3275 tatis
252 3211 375 3276 vinculo
398 3212 552 3276 coniuncti
578 3212 612 3276 in
634 3214 820 3278 carminibus
847 3215 982 3281 maxime
1012 3213 1168 3279 amatoriis
1195 3221 1226 3278 et
1252 3214 1295 3277 la-

158 3315 252 3380 scivis
278 3315 478 3393 elaborarent,
502 3316 643 3402 pluribus
664 3326 804 3384 veterum
825 3318 1014 3383 testimoniis
1033 3318 1201 3384 memoriae
1223 3338 1293 3402 pro·

159 3419 258 3484 ditum
282 3428 348 3484 est:
376 3422 455 3485 inter
477 3441 554 3504 quos
575 3428 695 3506 praeter
717 3423 872 3488 Catullum
895 3422 1025 3488 Ovidius
1047 3422 1141 3487 Trist.
1155 3422 1205 3500 11,
1229 3424 1291 3489 431

155 3543 223 3607 sqq.
269 3524 398 3589 Calvum
415 3526 555 3590 Ticidam
576 3526 756 3591 Memmium
778 3527 907 3591 Cinnam
922 3528 1074 3591 Anserem
1097 3527 1294 3591 Cornificium

154 3629 302 3694 Catonem
320 3629 518 3694 Hortensium
535 3630 715 3716 Laevium1)
740 3631 941 3695 enumeravit.
985 3631 1043 3694 His
1065 3637 1170 3695 autem
1192 3631 1293 3716 poetis

155 3733 298 3797 omnibus
320 3734 492 3816 ceterisque
514 3754 644 3816 quorum
667 3735 803 3799 carmina
824 3735 864 3799 ad
885 3741 1022 3799 nostram
1037 3735 1216 3798 memoriam
1232 3754 1293 3798 non

153 3960 462 3972 ———---—-..—..-

224 4132 250 4199 l)
268 4133 352 4185 Huius
371 4134 469 4188 scilicet
486 4138 578 4202 poetae
589 4150 686 4188 nomen
703 4136 731 4189 in
749 4136 873 4189 librorum
887 4138 1014 4205 scriptura
1032 4133 1137 4202 „Servi“
1157 4135 1292 4188 delituisse

154 4221 285 4273 communi
304 4220 416 4272 virorum
435 4222 579 4273 criticorum
598 4220 652 4272 lere
670 4223 783 4274 omnium
802 4238 932 4276 consensu
950 4224 1073 4276 Heinsius
1092 4226 1159 4275 recte
1178 4222 1293 4289 percepit

153 4307 246 4359 collato
265 4307 386 4374 inprimis
399 4307 454 4359 loco
467 4307 586 4360 Gelliauo
598 4305 705 4360 XVlIll.
718 4308 742 4373 9,
755 4308 780 4361 7.
796 4309 932 4362 Praeterea
943 4310 1049 4362 nomina
1061 4313 1087 4361 et
1099 4309 1179 4382 libros
1193 4323 1289 4372 eorum,

153 4393 197 4461 qui
216 4394 303 4446 studia
314 4394 405 4445 horum
419 4396 553 4458 poctarum
565 4394 765 4460 explicaverunt,
778 4395 901 4448 iudicavit
913 4396 1034 4449 Schwabe
1046 4394 1151 4458 Quaest.
1165 4393 1259 4447 Catull.
1270 4394 1289 4447 l.

151 4495 210 4548 pag.
223 4479 274 4535 311
291 4479 334 4544 (cf.
353 4480 430 4532 etiam
448 4495 473 4546 p.
485 4477 557 4545 310).
1141 4560 1158 4586 ἡ

1120 4562 1145 4608 X
