2872 4852
673 265 781 363 Vm.

122 472 218 522 eausa
240 464 287 523 est
309 481 363 522 cnr
385 456 517 536 diffidas,
542 466 612 545 apte
634 459 794 544 explanari
816 478 907 543 posse
930 457 1123 522 censebimus
1138 454 1200 521 nisi
1216 457 1257 520 la·

119 559 239 626 cillima
261 573 291 627 et
313 565 541 649 promptissima
564 571 610 626 ser'
624 564 854 627 emendatione?
886 563 953 638 Qua
975 564 1100 646 quidem
1116 584 1259 626 concessa

118 668 224 730 omnia
247 670 324 733 bene
347 669 511 732 cohaerent
533 691 588 731 nec
611 689 669 731 non
693 676 783 752 poeta
804 668 842 729 ab
866 667 1056 732 incusatione
1071 667 1162 730 unius
1179 667 1257 729 eius·

122 775 252 854 demque
268 773 440 837 sententiae
457 773 585 836 moleste
600 773 748 857 repetitae
764 793 887 856 prorsus
902 772 1087 836 vindicatur.
1113 772 1256 834 Ceterum

121 876 191 938 huic
224 876 416 940 coniecturae
443 898 534 959 quam
564 877 679 939 dudum
704 875 854 957 Bergkins
876 875 1008 959 protulit
1030 885 1060 939 et
1082 877 1115 938 in
1137 884 1256 939 textum

118 989 297 1064 receperunt
313 981 495 1045 Sclnvabius
511 988 542 1044 et
557 980 773 1057 Rossbachius,
790 1001 936 1061 maguum
951 981 1049 1043 afferri
1068 979 1255 1064 praesidium

118 1084 278 1147 simillima
301 1086 448 1149 orationis
472 1087 501 1148 in
527 1106 617 1148 versu
641 1083 738 1146 altero
762 1084 1000 1147 ronlonnalione
1023 1084 1103 1148 ultro
1127 1084 1256 1165 quisque

119 1190 365 1272 comprehendet.
413 1194 561 1274 Superest
583 1190 615 1251 in
640 1188 696 1250 lrac
718 1208 810 1250 causa
836 1198 871 1250 ut
894 1190 1089 1251 coniectanea
1105 1187 1253 1271 quaedam

125 1293 279 1359 Schwabii
309 1296 477 1357 reseramus
504 1316 522 1356 a
550 1294 647 1356 l'orma
673 1291 845 1355 litterarum
878 1300 908 1355 et
936 1314 955 1354 a
984 1314 1075 1356 sensu
1103 1300 1139 1354 ut
1166 1291 1255 1354 nobis

96 1469 99 1475 ,
120 1396 244 1479 quidem
263 1397 386 1461 videtur
401 1398 438 1461 ad
455 1397 702 1483 persuadendum
721 1396 810 1459 valde
825 1396 1007 1479 probabilia.
1032 1396 1083 1459 Sic
1094 1397 1124 1458 in
1142 1396 1203 1472 LV,
1215 1400 1253 1460 12

118 1505 149 1563 et
170 1501 298 1580 LXVII,
323 1502 363 1564 39
388 1503 435 1565 bis
457 1505 520 1564 heri:
543 1501 666 1585 scripsit
688 1501 819 1583 vestigia
834 1522 976 1584 premens
993 1500 1208 1562 Germanensis
1225 1510 1255 1562 et

117 1604 250 1669 Parisini
290 1611 304 1668 1
340 1606 371 1668 in
408 1605 537 1669 lectione
568 1608 618 1668 111·
647 1605 891 1687 (congruentium,
928 1627 1016 1690 porro
1048 1603 1132 1682 XXl,
1176 1605 1195 1665 b
1225 1614 1254 1666 ot

119 1709 280 1789 vasslb,
306 1711 363 1774 141
390 1731 427 1772 ex
450 1717 543 1793 olqnc
565 1708 648 1791 qirod
671 1709 736 1772 illic
759 1709 830 1773 libri
854 1710 969 1772 liabent
985 1730 1099 1786 omnes,
1123 1708 1254 1770 hicnon

28 1844 31 1851 ·
117 1812 184 1876 sine
215 1813 421 1898 discrepantia
450 1815 569 1878 codices
597 1822 782 1896 agnoscunt,
815 1813 995 1897 particulam
1026 1813 1252 1877 adversativam

115 1923 225 2000 otqeei
244 1918 390 2002 reposuit.

206 2054 314 2119 Omnia
342 2057 434 2138 igitur
462 2056 536 2119 lraec
563 2076 641 2138 quac
670 2056 847 2120 notavimus
877 2056 1018 2141 exempla
1046 2056 1158 2119 indicio
1182 2065 1253 2120 sunt

120 2160 234 2224 vetems
270 2161 440 2246 scripturae
470 2161 583 2223 Lucilii
623 2159 820 2244 potissimum
855 2166 954 2223 aetate
989 2160 1021 2222 in
1053 2160 1252 2223 declinatIone
1339 2199 1342 2204 -

115 2264 275 2327 nominum
293 2265 515 2329 usitatissimae
526 2265 655 2327 necdum
666 2265 782 2328 Catulli
799 2272 936 2348 tompore
952 2263 1075 2328 omnino
1085 2264 1252 2341 obsoletae,

117 2366 150 2429 id
172 2368 254 2450 quod
278 2369 416 2453 pluribus
440 2371 506 2433 eins
529 2369 719 2434 testimoniis
741 2370 823 2432 infra
845 2369 947 2454 aptius
970 2368 1156 2434 docebimus.

202 2506 281 2571 item
310 2508 427 2593 priscae
455 2509 579 2591 linguae
607 2509 736 2572 sormam
767 2516 798 2571 et
828 2509 963 2593 speciem
987 2528 1057 2591 prae
1090 2529 1123 2570 se
1145 2514 1250 2590 gerunt

117 2611 375 2695 superlativorum
399 2613 510 2676 sullixa
532 2634 586 2697 per
606 2636 630 2676 11
646 2613 781 2676 litteram
804 2614 931 2696 prolata,
955 2612 1043 2676 cuins
1065 2612 1131 2675 loce
1147 2618 1254 2695 postea

114 2714 231 2778 vocalis
255 2722 268 2777 1.’
288 2716 458 2800 legitimam
483 2719 546 2781 vim
570 2717 599 2778 in
624 2717 850 2801 pronuntiando
867 2716 1089 2797 scribendoque
1111 2722 1251 2778 assecuta

117 2839 173 2902 per
188 2819 292 2882 omnia
307 2828 447 2904 tempora
461 2821 559 2902 viguit
575 2820 611 2883 cf.
629 2819 757 2897 Quintil,
773 2820 798 2885 I.
817 2823 845 2884 7.
861 2824 911 2885 21.
942 2820 1079 2884 Corssen.
1096 2820 1120 2881 I.
1139 2841 1165 2902 p.
1178 2820 1251 2883 3311.

115 2922 155 2986 Et
177 2923 257 2987 hanc
280 2925 477 3008 elegantioris
493 2925 723 2988 consuetudinis
739 2944 868 2986 norman
883 2924 999 3007 ubique
1014 2924 1045 2985 in
1063 2922 1251 2985 carminibus

119 3028 184 3091 suis
208 3028 347 3092 Catullus
371 3029 518 3111 sequitur,
543 3036 648 3092 contra
670 3028 797 3092 lluctrrat
818 3027 900 3091 idem
922 3028 1002 3091 inter
1018 3028 1137 3091 litteras
1159 3027 1249 3089 ictu

35 3186 39 3191 ,
114 3133 146 3194 in
168 3132 218 3195 his
242 3133 306 3196 iere
328 3133 502 3198 vocabulis:
536 3133 761 3197 monimentum
785 3132 838 3212 XI,
863 3138 914 3211 10,
938 3131 991 3195 sed
1015 3137 1251 3194 monumentum

41 3276 44 3281 -
112 3236 293 3315 LXXXXV,
318 3240 346 3303 9.
382 3238 469 3300 lubet
491 3237 562 3315 XV,
584 3237 625 3303 II.
656 3237 754 3316 XVII,
779 3239 827 3302 17.
859 3236 985 3315 XXVII,
1009 3240 1039 3302 5.
1069 3235 1199 3298 XXXII.
1222 3239 1250 3298 d.

113 3341 192 3422 LXI,
219 3342 289 3407 133.
330 3345 391 3408 211
418 3348 449 3404 ct
470 3341 566 3418 LXII,
598 3344 640 3407 36
664 3363 702 3405 ex
724 3341 796 3404 libri
819 3340 961 3404 'Ilruanei
988 3340 1137 3422 scriptura
1159 3340 1251 3424 paulo

114 3452 258 3531 corrupta
274 3449 394 3509 1111111111
408 3466 461 3530 pro
477 3453 509 3507 11
523 3432 621 3522 labet,
643 3445 725 3527 quod
740 3444 916 3508 Sohvvabins
932 3451 1013 3506 recte
1028 3442 1116 3508 vidit.
1134 3443 1252 3505 Deinde

19 3555 28 3631 j
113 3549 261 3631 quartae
282 3550 349 3629 xv,
386 3555 431 3615 11.
457 3549 585 3626 11111,
610 3547 1063 3627 1.1111,11.11111,14.
1088 3547 1252 3628 quielubet

111 3640 286 3733 XXXVIII,
304 3656 334 3718 7.
359 3654 501 3736 quilubct
523 3653 715 3730 XXXVIIII,
741 3657 788 3718 14.
813 3651 970 3716 lubentius
986 3651 1066 3731 LXI,
1082 3653 1133 3714 41.
1157 3650 1250 3712 semol

115 3766 235 3821 rantum
259 3758 335 3823 libet
349 3758 388 3837 ll,
412 3761 441 3822 G.
486 3757 616 3821 Accedit
646 3778 757 3820 nomon
788 3756 944 3840 proprium
973 3755 1080 3818 eadem
1101 3755 1252 3817 fluctuans

22 3846 25 3853 ¹
116 3860 295 3925 diversitate
327 3862 493 3947 scripturae
524 3862 557 3923 in
590 3883 681 3927 carm.
705 3860 859 3938 XXXXV,
891 3860 946 3925 ubi
969 3881 1018 3924 vv.
1043 3864 1057 3922 1
1084 3866 1115 3922 et
1138 3859 1178 3922 23
1203 3858 1250 3920 bis
1298 3848 1299 3852 ¹

40 3978 44 3985 '
69 4018 72 4025 .
115 3964 295 4049 Septimius,
319 3966 374 4028 sed
398 3969 437 4030 13
461 3964 646 4048 Septumille
669 3972 699 4027 et
723 3966 758 4027 21
787 3964 965 4048 Septumius
989 3964 1111 4046 legitur.

197 4105 289 4167 Porro
313 4125 374 4167 non
396 4103 531 4166 alienum
556 4103 679 4167 videtur
700 4104 805 4166 allerre
820 4103 852 4165 in
868 4102 1047 4188 compositis
1063 4100 1248 4184 quibusdam

111 4210 273 4273 vocabulis
297 4228 425 4290 quorum
448 4209 570 4272 vocales
593 4208 773 4291 plerumque
803 4207 837 4269 in
863 4207 941 4270 alias
969 4205 1097 4269 transire
1120 4210 1248 4277 (antistat,

110 4313 250 4397 priorum
268 4322 426 4398 poctarum
443 4334 526 4376 more
542 4311 660 4376 Catullo
677 4312 829 4396 placuisse
844 4312 979 4375 vocalem
997 4310 1081 4374 vocis
1099 4307 1248 4393 simplicis

110 4416 249 4493 retinere,
274 4418 360 4480 cuius
377 4416 423 4479 rei
440 4417 580 4501 exempla
597 4422 668 4478 sunt
684 4415 842 4500 insapiens
857 4414 1028 4491 XXXXlll,
1047 4414 1065 4476 8
1085 4414 1133 4489 (ol.
1150 4413 1248 4495 Caper
