2872 4852
724 155 766 219 14

180 355 217 412 de
240 346 382 427 Orthogr.
406 367 435 429 p.
452 344 537 410 2249
552 343 601 430 Ρ.)
633 351 665 409 01
686 344 769 429 quod
790 344 894 409 minus
916 343 1042 408 offendit
1063 343 1212 408 infacetus
1233 342 1312 409 ibid.

176 458 207 515 et
229 451 278 516 bis
300 450 397 529 XXII,
422 453 472 516 14.
504 448 556 513 sed
579 448 782 512 inficetiarum
804 449 883 514 dixit
904 447 1044 526 XXXVI,
1070 450 1117 515 19.

260 555 400 637 Denique
432 559 631 618 consonantes
664 552 744 635 quod
766 553 891 632 attinet,
924 553 1040 637 priscae
1067 553 1179 617 aetatis
1201 551 1311 616 itidem

176 659 315 723 seruntur
336 659 451 722 formae
465 657 684 723 vocabulorum
708 657 819 738 quibus
836 658 925 723 binae
940 678 996 742 pro
1012 656 1144 741 simplici
1160 676 1312 721 consonae

177 769 249 826 sunt
270 762 423 848 praefixae
446 761 543 826 veluti
564 767 684 844 gnatus,
707 782 835 844 gnavus,
857 761 1000 845 gnobilis,
1023 780 1134 844 gnosco
1157 760 1217 822 alia
1232 780 1313 842 quae

177 868 292 954 partim
306 888 325 930 a
339 864 440 929 radice
456 887 518 946 pcc
533 865 645 949 partim
661 887 679 928 a
695 865 789 950 stirpe
800 887 861 946 gno
879 865 1072 929 deducuntur
1088 865 1127 930 cf.
1144 863 1313 928 Corssenus

178 972 244 1056 lp.
268 971 310 1036 82
333 991 375 1052 sq.
410 970 535 1034 Ritschl.
569 968 663 1034 Proll.
696 969 780 1035 Trin.
803 991 833 1054 p.
858 969 937 1036 Glll.
962 989 1005 1051 sq.
1052 969 1139 1032 Hauc
1161 968 1312 1032 rationem

181 1075 288 1160 stirpis
318 1075 527 1138 corroboratae
562 1072 738 1137 observavit
771 1072 914 1136 Catullus
947 1073 1103 1157 plerisque
1143 1071 1312 1135 carminum

179 1180 256 1245 locis
283 1180 317 1241 in
340 1185 456 1260 900100
478 1185 508 1241 01
526 1185 629 1258 pacto,
660 1170 694 1240 ut
726 1176 864 1240 indicant
885 1176 1010 1254 LXlIlI,
1048 1178 1116 1242 119.
1141 1176 1214 1240 213.
1239 1175 1312 1238 215.

182 1286 255 1350 216.
279 1284 351 1350 220.
376 1283 449 1363 349,
482 1279 536 1344 sed
559 1281 637 1345 10100
660 1281 779 1345 codices
802 1284 864 1348 298
887 1281 962 1345 haec
984 1280 1101 1345 habent
1124 1279 1207 1343 'inde
1228 1285 1316 1364 pater

179 1388 285 1452 divum
315 1391 418 1451 sancta
449 1407 519 1448 cum
552 1386 680 1467 coniuge
702 1385 887 1468 gnatisquc‘:
919 1406 989 1449 nam
1009 1406 1052 1466 90
1073 1383 1307 1469 praecedentem

181 1492 318 1557 vocalem
341 1511 462 1575 semper
482 1489 622 1574 producit
644 1489 782 1552 tradente
805 1489 950 1554 Muellero
973 1488 1010 1552 de
1032 1511 1065 1553 re
1087 1495 1172 1555 metr.
1190 1510 1220 1573 p.
1237 1489 1311 1554 316.

179 1595 339 1661 Accedunt
353 1593 476 1672 LXVII,
492 1596 543 1658 23.
560 1595 612 1658 30.
634 1593 757 1673 LXXII,
775 1594 803 1658 4.
819 1593 970 1674 LXXXX,
987 1597 1015 1660 3.
1034 1594 1063 1657 5.
1094 1593 1182 1656 Alias
1199 1593 1313 1674 ubique

182 1700 319 1766 breviore
349 1699 449 1762 forma
480 1703 569 1782 poeta
601 1698 697 1761 utitur
719 1720 757 1760 ex
780 1705 867 1783 parte
889 1697 980 1762 metri
1002 1698 1114 1780 gratia,
1138 1697 1252 1781 quippe
1275 1717 1314 1759 ne

182 1811 319 1887 correpta
341 1802 457 1866 vocalis
479 1801 563 1865 vocis
586 1802 752 1886 superioris
776 1823 882 1866 versus
898 1801 1070 1867 rationibus
1086 1801 1241 1886 postulata
1257 1821 1315 1865 sua

183 1907 355 1991 quantitate
383 1913 521 1970 exuatur.
580 1907 687 1988 ltaque
714 1908 746 1969 in
769 1907 911 1971 carminIs
934 1905 1077 1984 XXXVI,
1103 1909 1141 1972 13
1163 1905 1218 1970 ubi
1240 1904 1315 1968 libri

184 2013 259 2076 item
284 2010 447 2096 depravate
464 2010 662 2094 Cnidumque
676 2011 815 2091 offerunt,
832 2010 971 2075 Catullus
987 2010 1145 2095 scripsisse
1160 2007 1315 2095 putandus

186 2123 232 2180 ost
255 2135 404 2198 ,quaeque
425 2115 553 2178 Ancona
576 2113 768 2197 Cnidumque
791 2114 1051 2179 harundinosam‘.

266 2220 301 2283 ln
317 2219 374 2282 boc
388 2217 519 2300 aliisque
536 2219 637 2284 verbis
649 2239 672 2299 9
687 2218 821 2282 litteram
838 2219 941 2284 tenuis
958 2217 1121 2281 admodum
1135 2217 1204 2282 soni
1219 2215 1315 2280 fuisse

182 2345 219 2386 ex
242 2342 276 2385 eo
300 2328 442 2406 apparet,
476 2321 557 2404 quod
588 2321 735 2385 facillime
759 2322 886 2402 decidit,
910 2344 980 2386 cum
1002 2343 1121 2407 semper
1143 2327 1316 2385 remaneret

180 2427 213 2489 in
228 2424 404 2510 compositis
427 2431 607 2508 prognatus,
631 2432 792 2508 cognatus,
815 2427 955 2509 ignarus,
977 2425 1122 2509 ignobilis
1146 2431 1211 2504 cet,
1235 2423 1316 2488 unde

185 2529 333 2614 originem
384 2529 551 2614 scripturae
599 2529 770 2614 pinguioris
813 2531 846 2594 in
896 2530 1089 2615 simplicibus
1134 2528 1316 2614 conspicuae

184 2655 360 2716 cognoscere
384 2633 464 2697 licet.

268 2737 332 2800 Nec
353 2738 452 2822 magis
474 2738 624 2803 usitatum
646 2744 712 2802 erat
733 2739 924 2823 temporibus
948 2738 1082 2821 antiquis
1106 2744 1136 2802 et
1156 2737 1190 2800 in
1204 2735 1317 2800 mediis

183 2842 359 2906 nominibus
384 2849 415 2906 01
437 2843 469 2905 in
492 2843 575 2905 exitu
598 2863 701 2906 eorum
723 2842 929 2907 sibilantems
950 2843 1084 2906 scribere
1099 2847 1206 2927 postea
1224 2840 1317 2923 vulgo

184 2946 216 3008 in
240 2969 258 3007 r
279 2952 479 3011 attenuatam.
524 2946 589 3009 Hoc
610 2945 701 3010 modo
721 2952 826 3010 exorta
848 2953 921 3010 sunt
942 2948 1040 3010 Lares
1061 2968 1099 3009 ex
1120 2946 1224 3021 Lases,
1248 2965 1319 3008 crae

183 3071 221 3113 ex
243 3071 321 3127 cece,
345 3051 473 3114 Facias
495 3071 532 3112 cx
548 3050 674 3113 Fasc'as
696 3050 732 3113 cf.
757 3050 924 3114 Corssenus
938 3050 954 3113 I
968 3071 998 3134 p.
1015 3051 1078 3116 234
1100 3068 1167 3131 sqq.
1191 3047 1320 3111 ¹Pariter

185 3154 304 3217 litterae
327 3177 342 3215 s
363 3155 396 3217 in
418 3177 435 3215 c·
457 3153 606 3217 transitus
625 3153 761 3216 cernitur
786 3155 820 3217 in
842 3155 944 3231 arbor,
976 3153 1082 3232 honor,
1104 3152 1209 3231 labor,
1233 3153 1319 3237 lepor

186 3279 263 3341 quae
286 3257 389 3322 omnia
410 3257 484 3321 olim
506 3278 561 3342 per
583 3279 598 3319 a
619 3258 863 3322 terminabantur
886 3259 922 3322 cf.
947 3257 1075 3333 Quintil.
1091 3258 1117 3337 I,
1139 3259 1170 3338 4,
1196 3261 1246 3324 13.
1279 3257 1317 3320 10

184 3361 300 3427 Catulli
322 3362 471 3446 poematis
493 3382 589 3424 unum
612 3360 702 3423 huius
726 3361 899 3446 scriptionis
920 3362 1095 3447 exemplum
1111 3367 1210 3426 restat
1225 3361 1318 3444 quale

184 3474 233 3531 ost
275 3466 362 3529 labos
396 3466 459 3545 LV,
493 3465 548 3531 13:
586 3464 652 3542 ,sod
684 3470 715 3527 te
745 3464 807 3528 iam
840 3465 917 3530 ferre
943 3466 1088 3530 Herculei
1119 3466 1208 3530 labos
1251 3470 1316 3530 est‘

188 3572 330 3636 Ceterum
363 3592 401 3634 ex
432 3569 554 3634 illorum
584 3589 710 3632 numero
744 3571 837 3632 bonos
865 3571 1008 3634 etardus
1030 3568 1318 3652 adultimausque

188 3684 327 3760 tempora
349 3673 503 3757 aequabili
526 3672 711 3758 scriptorum
731 3693 791 3736 usu
812 3673 947 3757 viguisse
970 3674 1045 3739 satis
1065 3679 1171 3737 notum
1193 3680 1249 3740 est.

275 3779 363 3842 Prius
396 3783 498 3841 autem
526 3798 619 3860 quam
641 3776 681 3840 ad
702 3776 764 3840 alia
784 3777 928 3862 procedat
949 3776 1129 3863 disputatio,
1152 3778 1319 3860 generatim

190 3886 245 3949 boc
267 3881 475 3948 adnotandum
497 3888 543 3946 est
565 3881 813 3966 orthographiam
836 3881 953 3946 Catulli
978 3881 1173 3947 librariorum
1196 3882 1320 3946 licentia

188 3987 349 4075 permultis
385 3986 459 4051 locis
497 3985 572 4051 adeo
610 3985 815 4050 oblitteratam
848 4001 916 4050 esse
947 3993 981 4048 ut
1001 3986 1158 4050 interdum
1188 3986 1319 4070 vestigia

188 4100 307 4156 tantum
339 4090 466 4155 obscura
497 4090 653 4175 supersint
679 4090 797 4175 priscae
819 4090 959 4167 rationis,
993 4091 1164 4174 exquibus
1186 4092 1319 4173 genuina

189 4203 296 4282 poetae
331 4214 441 4257 manus
469 4193 588 4257 restitui
621 4201 712 4277 queat
744 4193 777 4257 id
808 4193 890 4277 quod
919 4192 1150 4277 diligentissime
1181 4195 1319 4259 omnium

188 4301 340 4366 editorum
363 4299 469 4362 fecisse
493 4297 645 4363 Schwabii
669 4304 715 4362 est
736 4298 885 4363 maritum.
