2872 4852
146 292 179 357 in
202 315 343 359 sermone
366 302 526 381 poetarum
549 297 744 374 comicorum,
769 317 829 379 qua
851 297 888 361 dc
908 319 941 360 re
957 297 1028 362 vide
1043 299 1173 365 Ritschl.
1190 300 1283 364 Proll.

146 398 230 465 Trin.
255 421 285 485 p.
302 401 378 465 CIV.
410 403 546 478 Quorum
569 402 719 466 rationem
743 401 885 487 pluribus
906 401 982 467 locis
1006 405 1154 488 expressit
1175 405 1284 469 Lucro-

144 503 207 566 tius
231 502 283 588 (cf.
309 504 432 569 Lachm.
457 526 565 571 comm.
589 528 619 590 p.
639 507 709 571 144.
735 507 824 591 217),
848 504 903 570 sed
925 505 1021 570 semel
1043 513 1161 570 tantum
1178 508 1283 572 Catul-

42 596 44 601 ’
147 606 197 669 lus
220 607 253 670 in
275 607 384 686 LXIII,
408 610 449 672 47
472 610 528 675 ubi
560 610 678 675 codices
713 610 819 696 optimi
853 609 1068 675 Germanensis
1091 611 1285 676 colbertinus

148 711 352 777 Sentenianus
375 711 491 778 habent
513 721 687 779 aestuanter
708 736 818 790 asam,
850 735 926 797 quae
954 714 1042 778 lectio
1067 717 1095 780 si
1117 724 1285 781 extremam

146 838 164 875 a·
185 814 320 880 litteram
349 818 490 900 sequenti
520 823 556 881 ut
589 839 644 903 par
674 825 720 883 est
747 818 816 883 voci
838 818 998 901 adiungis,
1030 824 1137 904 poetae
1159 837 1285 880 manum

148 918 222 983 olim
244 927 401 987 aestuante
423 944 536 986 rasam
559 921 681 986 dedisse
707 922 878 986 luculenter
902 922 998 987 docet.
1043 923 1145 1005 Atque
1168 921 1205 984 de
1228 921 1287 984 hae

148 1023 246 1088 Iorma
267 1024 389 1108 vulgari
410 1032 480 1111 post
502 1026 688 1110 scaligerum
711 1027 764 1110 qui
787 1020 973 1090 dubitaverit
1001 1026 1120 1090 nullum
1143 1025 1287 1108 equidem

146 1128 272 1192 invenio
282 1120 483 1195 recentiorum
493 1130 706 1215 interpretum.
725 1130 866 1195 Ceterum
881 1131 918 1195 de
934 1130 1083 1195 eiusmodi
1095 1129 1283 1193 licentiaru-

148 1232 218 1296 stici
240 1233 389 1299 sermonis
412 1233 624 1299 disseruerunt
645 1235 742 1301 Prisc.
765 1257 796 1320 p.
812 1237 886 1301 559.
931 1236 999 1301 Vel.
1025 1235 1115 1316 Long.
1138 1255 1168 1318 p.
1194 1230 1278 1296 2237

149 1342 180 1400 ct
203 1343 307 1401 nostro
331 1339 456 1422 quidem
480 1339 604 1404 saeculo
632 1340 744 1422 optime
767 1343 934 1404 Uorssenus
956 1340 972 1403 I
993 1361 1021 1424 p.
1046 1339 1108 1403 243
1131 1346 1162 1401 et
1185 1337 1285 1419 symb.

66 1460 69 1465 ·
148 1440 213 1507 crit.
237 1463 267 1527 p.
284 1441 357 1507 396.
398 1485 409 1507 x

30 1543 33 1559 ²
70 1584 79 1630 2
187 1547 190 1553 ’
237 1547 286 1613 10.
316 1545 391 1611 Fere
414 1547 522 1611 eadem
545 1568 619 1610 usus
652 1548 826 1630 frequentia
840 1556 860 1612 t
882 1549 985 1612 littera
1011 1547 1043 1610 in
1064 1545 1174 1610 mediis
1197 1564 1286 1608 voca-

148 1650 230 1715 bulis
253 1651 375 1715 eiioitur
397 1657 467 1715 ante
489 1651 660 1737 proximam
683 1660 909 1730 consonantem,
933 1652 966 1715 id
988 1651 1071 1735 quod
1086 1649 1287 1735 potissimum

148 1754 180 1817 in
201 1756 460 1841 praepositionem
478 1764 554 1838 post
575 1756 665 1821 cadit.
697 1758 794 1833 Quem
818 1779 934 1821 morem
956 1756 1066 1820 itidem
1088 1777 1125 1819 ex
1147 1774 1207 1817 usu
1229 1752 1288 1816 lin-

128 1861 224 1942 'guae
247 1860 425 1942 quotidiano
448 1867 550 1925 ortum
572 1881 639 1924 esse
662 1867 759 1946 patet:
798 1883 870 1925 nam
893 1861 1065 1925 litterarum
1087 1859 1167 1922 inter
1183 1878 1216 1920 se
1239 1878 1287 1922 eo·

148 1961 324 2047 potationes
347 1966 455 2048 quales
479 1972 550 2030 sunt
573 1974 635 2043 st-t,
660 1974 731 2043 st-c,
756 1974 858 2050 st-qa,
882 1974 953 2030 st-ea
976 1962 1220 2050 pronuntiationi
1242 1961 1288 2024 ni·

148 2068 209 2133 mis
232 2076 319 2134 erant
340 2076 487 2135 molestae
510 2077 600 2153 atque
628 2069 838 2134 incommodae
861 2072 900 2134 ob
929 2089 1057 2151 eamque
1080 2089 1147 2132 rem
1169 2067 1286 2130 factum

150 2179 207 2252 est,
231 2179 266 2238 ut
288 2195 421 2239 consona
445 2183 457 2238 t
477 2175 582 2239 vivido
605 2173 693 2256 vulgi
709 2195 760 2238 ore
775 2174 864 2238 facile
881 2179 1077 2238 extereretur.
1108 2173 1154 2235 Ex
1177 2192 1212 2235 eo
1237 2192 1286 2253 ge-

148 2298 219 2341 nere
243 2285 314 2342 sunt
336 2279 539 2363 postemplum
563 2298 713 2363 posquam
736 2278 954 2363 posoonsulatu
976 2277 1037 2340 alia
1058 2277 1091 2340 in
1113 2275 1288 2361 inscriptio·

149 2381 242 2446 nibus
266 2383 357 2447 obvia
379 2389 410 2446 et
427 2404 533 2464 pesae,
557 2381 639 2466 quod
661 2382 694 2445 in
716 2383 808 2446 Ennii
830 2403 899 2448 ann.
924 2382 986 2446 235
1009 2380 1100 2446 Vahl.
1124 2401 1180 2466 pro
1197 2387 1288 2462 poete

148 2485 311 2570 legendum
346 2486 474 2551 coniecit
505 2489 672 2551 Uorssenus
701 2486 715 2548 l
748 2509 777 2571 p.
806 2486 866 2552 183
899 2485 1002 2551 adnot.
1052 2485 1145 2550 Liber
1172 2483 1288 2548 Catulli

150 2589 287 2654 Datanus
303 2591 390 2655 solus
407 2590 472 2655 eius
488 2590 573 2655 modi
586 2591 715 2655 formam
732 2590 868 2655 servavit
882 2589 1122 2675 praepositionis
1131 2609 1288 2672 posquam

80 2781 83 2788 Ι
149 2694 249 2760 tribus
281 2715 358 2777 quos
386 2716 466 2781 pono
500 2694 575 2759 locis
608 2695 667 2774 XI,
690 2694 741 2761 23.
774 2694 904 2774 LXIlll,
927 2696 1000 2762 313.
1024 2693 1207 2771 LXXXIHI,
1238 2694 1285 2756 ll.

149 2800 298 2864 Probavit
328 2798 362 2862 id
388 2798 514 2883 quidem
535 2799 698 2882 Bergkius‚
734 2799 878 2884 probavit
914 2799 988 2863 item
1021 2803 1052 2862 et
1082 2797 1163 2862 inter
1193 2797 1289 2860 verba

46 2907 49 2912 ’
149 2909 257 2990 poetae
269 2903 384 2989 recepit
398 2903 605 2969 Rossbachius
621 2903 729 2968 ceteris
744 2904 902 2987 vulgatam
918 2902 1104 2988 scripturam
1118 2901 1286 2967 tuentibus.

149 3007 322 3097 Nonreete
346 3007 485 3074 fortasse.
530 3008 653 3072 Etenim
675 3008 788 3072 Datani
815 3008 891 3071 fides
922 3029 998 3071 uum
1024 3026 1151 3093 prorsus
1174 3006 1207 3069 in
1230 3006 1288 3069 hac

71 3148 74 3153 ·
151 3134 183 3177 re
207 3111 378 3198 spernenda
400 3111 449 3189 sit,
473 3111 564 3175 valde
579 3110 705 3176 dubito:
729 3133 800 3175 nam
816 3133 886 3176 cum
906 3112 1059 3196 insignem
1073 3111 1153 3174 inter
1168 3108 1288 3174 codices

152 3217 342 3281 Catullianos
351 3215 650 3280 locumobtinettum
656 3236 840 3302 magnopere
846 3217 1027 3296 cavendum,
1040 3214 1288 3299 nelicentiapoe·

151 3318 1287 3404 taeVeronensiscommuniceterorumusuquesiartissimoviuouloastrin-

151 3424 293 3509 gatur'cf.
306 3425 420 3511 Haupt.
434 3427 557 3502 Quaest.
566 3426 630 3490 aet.
645 3446 674 3510 p.
688 3426 738 3489 70.
750 3425 876 3493 Ritschl.
892 3447 972 3489 mus.
988 3424 1086 3490 Rhen.
1098 3422 1158 3487 VII
1169 3446 1199 3508 p.
1215 3424 1288 3488 571.

44 3530 47 3536 ’
240 3531 289 3598 11.
319 3530 478 3595 Postremo
502 3529 654 3614 agendum
677 3536 725 3594 est
747 3530 784 3594 de
808 3530 977 3595 sibilantis
996 3529 1098 3593 littera
1120 3549 1181 3612 qua
1200 3528 1291 3591 nulla

152 3637 214 3699 fere
236 3634 360 3720 saepius
381 3634 415 3698 in
437 3634 543 3717 lingua
565 3634 675 3699 Latina
697 3634 848 3700 omittitur
870 3656 939 3698 cum
962 3633 1038 3699 alibi
1059 3638 1124 3696 tum
1148 3632 1182 3695 in
1205 3632 1288 3697 exitu

144 3739 380 3831 uocabulorum.
432 3739 481 3831 Et
502 3739 537 3804 in
565 3737 678 3803 mediis
707 3738 835 3822 quidem
861 3739 991 3804 vocibus
1023 3737 1187 3822 praecipue
1218 3743 1290 3799 ante

152 3843 291 3907 nasalem
314 3865 333 3905 a
356 3843 483 3908 evanuit
504 3844 536 3908 in
564 3843 654 3908 cortis
685 3846 852 3910 verborum
875 3842 982 3908 formis
1005 3841 1159 3927 particula
1181 3862 1216 3903 ae
1237 3840 1289 3904 ad·
1362 3916 1365 3923 Ι

28 3962 30 3968 ’
153 3948 251 4013 auctis
274 3948 363 4013 velut
385 3948 598 4013 demonstrant
625 3947 685 4010 ain'
708 3969 763 4032 pro
786 3947 881 4026 eisne,
905 3946 996 4010 satin’
1020 3966 1074 4031 pro
1097 3947 1220 4022 satisne,
1245 3945 1289 4007 vi-

153 4054 220 4118 den'
243 4073 297 4138 pro
320 4052 462 4133 videsne,
492 4052 575 4136 quod
596 4057 788 4136 postremum
817 4057 864 4116 ter
892 4050 976 4137 apud
1003 4050 1161 4116 Catullum
1190 4054 1290 4112 exstat

152 4158 237 4236 LXI,
274 4159 313 4221 77
343 4156 562 4234 1191111111,
586 4155 606 4219 8
633 4155 671 4219 cf.
699 4155 826 4222 Ritsohl.
850 4155 943 4220 Proll.
968 4155 1050 4218 Trin.
1080 4177 1109 4240 p.
1134 4154 1209 4218 CVI.
1255 4153 1288 4216 ln

122 4265 126 4272 ’
154 4262 249 4327 altero
272 4261 382 4329 deinde
409 4281 521 4346 genere
549 4259 631 4325 unde
657 4258 854 4345 potissimum
879 4259 1030 4337 evenerit,
1062 4264 1098 4322 ut
1125 4257 1289 4343 scriptores
