2872 4852
664 218 703 288 51

118 409 279 474 distractis
313 409 443 494 syllabis
470 415 621 476 catanens
650 414 809 500 impressit
836 414 968 477 nimium
993 413 1083 478 libris
1113 414 1255 493 confisus,

117 512 200 577 idem
238 514 292 596 qui
329 515 360 576 in
384 514 522 579 Lucretio
545 517 594 580 vel
624 525 729 581 contra
751 518 870 582 codices
895 524 925 581 et
947 517 1040 582 Gellii
1076 518 1121 596 Il,
1161 519 1197 597 3,
1235 522 1256 584 3

117 617 328 682 testimonium
378 639 500 704 semper
542 620 678 705 syllabas
723 622 883 702 contraxit.
948 621 1074 686 Rectius
1117 623 1255 687 Achilles

119 721 235 786 Statius
264 722 419 808 Hauptius
447 724 627 790 Schwabius
663 748 779 789 censens
812 725 1012 811 scripserunt,
1048 748 1126 810 quae
1159 727 1257 790 forma

118 827 209 889 etiam
237 827 365 892 Horatio
396 829 451 912 Ep.
475 829 519 906 ll,
544 831 574 908 2,
601 830 662 896 120
684 830 874 894 restituenda
896 837 950 894 est.
976 869 1015 876 -
1038 830 1167 895 Accedit
1189 852 1255 916 par-

116 930 213 994 ticula
251 932 435 996 affirmativa
471 956 516 996 me
552 936 688 1012 hercole,
726 954 898 1016 quaecum
921 933 1079 997 elisionem
1103 934 1255 1014 admittat,

117 1043 222 1098 tamen
244 1035 377 1117 quodam
400 1037 491 1102 modo
516 1038 575 1101 huc
590 1039 725 1102 revocari
743 1044 854 1123 potest.
892 1037 985 1101 Extat
1000 1038 1032 1101 in
1048 1059 1141 1102 versu
1156 1039 1253 1103 altero

116 1140 261 1204 carminis
291 1140 454 1204 XXXVIII
487 1141 660 1223 antiquitus
684 1143 728 1206 sic
749 1143 881 1206 tradito:
916 1141 1039 1220 ,malost
1060 1164 1109 1206 me
1132 1143 1256 1207 hercule

117 1252 148 1307 et
170 1242 343 1323 laboriose‘,
367 1265 426 1326 quo
442 1245 507 1310 loco
523 1267 592 1309 curn
608 1246 712 1330 plures
728 1245 952 1331 pervincendae
967 1246 1028 1309 siut
1045 1246 1255 1327 difficultates,

116 1348 236 1412 diutius
259 1351 440 1413 commorari
464 1370 541 1434 opus
563 1357 618 1414 est.
661 1350 800 1414 Primum
823 1350 905 1413 enim
927 1349 1045 1413 utiam
1067 1352 1256 1431 monuimus,

117 1453 145 1514 si
168 1453 348 1537 particulam
373 1452 461 1515 illam
483 1453 515 1515 in
538 1454 615 1517 duas
630 1462 731 1539 partes
747 1455 890 1534 secernis,
914 1454 1099 1538 synaloephe
1115 1456 1255 1534 efficitur,

117 1578 223 1619 rursus
240 1557 312 1620 siin
329 1578 421 1620 unam
438 1557 602 1621 dictionem
619 1560 759 1636 conectis,
777 1558 870 1622 elisae
882 1561 900 1620 b
912 1558 1032 1622 litterae
1042 1559 1256 1641 vocaliumque

117 1659 361 1742 conliquentium
399 1661 483 1724 locus
522 1670 578 1726 est.
622 1663 660 1726 Et
692 1662 767 1727 haec
788 1663 920 1746 ,quidem
944 1663 1022 1727 ratio
1045 1663 1122 1726 mihi
1146 1664 1255 1748 proba-

117 1763 214 1829 bilior
236 1764 360 1829 videtur
386 1773 547 1858 propterea
578 1767 660 1848 quod
694 1768 816 1831 brevior
844 1770 976 1831 maccla
1005 1767 1154 1851 scriptura
1176 1766 1255 1830 haud

118 1889 184 1931 raro
223 1869 336 1950 legitur
374 1874 493 1932 tautum
530 1891 591 1933 non
614 1870 697 1955 apud
720 1872 874 1936 scaenicos
896 1872 1040 1954 antiquos
1062 1877 1141 1934 teste
1164 1871 1257 1934 Lach-

116 1993 228 2035 mauno
258 1973 297 2035 ad
324 1972 412 2036 Luor.
437 1993 465 2056 p,
493 1976 563 2038 152.
610 1974 656 2038 lta
679 1975 836 2038 Phaedrus
858 1975 1054 2059 trisyllabum
1079 1975 1187 2038 fecisse
1210 1997 1256 2037 re-

115 2076 235 2161 peritur
271 2087 392 2162 praeter
437 2078 496 2144 fab.
535 2078 647 2144 Porott.
677 2079 770 2142 VlllI
809 2079 915 2163 (XII),
952 2081 973 2144 3
1007 2100 1045 2141 ex
1079 2078 1126 2142 ed.
1160 2078 1255 2143 Sibel.

115 2202 255 2258 ,sonuere
277 2190 387 2247 tactae.
431 2182 521 2246 Bella
542 2203 590 2245 res
612 2183 811 2247 mehercules‘
835 2184 873 2248 cf.
896 2183 930 2246 L.
950 2182 1122 2245 Muellerus
1144 2205 1173 2266 p.
1192 2184 1255 2249 254

114 2285 169 2366 qui
206 2286 238 2349 in
261 2307 351 2350 versu
374 2285 546 2350 Catulliana
574 2285 614 2348 ad
635 2286 802 2350 molestum
824 2287 873 2351 vel
896 2287 1000 2372 potius
1022 2287 1170 2351 vitiosum
1193 2285 1257 2349 hia-

114 2398 180 2453 tum
219 2389 284 2454 loco
321 2390 541 2455 removendum
577 2393 759 2455 mclrcrcalcs
782 2391 977 2457 scribendum
999 2391 1128 2476 putavit.
1173 2390 1257 2453 Haec

114 2493 198 2557 enim
236 2495 335 2559 altera
372 2495 512 2577 quaestio
550 2504 597 2557 est
632 2495 708 2559 satis
744 2496 915 2580 implicata,
953 2496 986 2558 in
1009 2516 1101 2578 quam
1122 2492 1255 2556 multum

116 2619 226 2682 operae
261 2599 454 2663 contulerunt
480 2598 541 2661 viri
569 2599 675 2663 critici.
721 2598 856 2675 Quorum
891 2608 994 2663 tamen
1028 2597 1255 2662 emendationes

115 2709 146 2765 et
170 2702 391 2788 explicationes
415 2702 520 2766 videor
549 2703 629 2765 mihi
652 2703 754 2786 aptius
777 2724 932 2767 recensere
954 2703 1044 2779 iufra,
1068 2701 1122 2764 ubi
1145 2701 1183 2764 de
1205 2706 1257 2763 ad-

117 2807 214 2872 misso
247 2808 421 2890 evitatoque
443 2806 531 2870 hiatu
555 2806 650 2868 verba
677 2806 796 2872 faciam.
821 2845 861 2852 -
885 2805 955 2869 Jam
977 2811 1094 2869 restant
1116 2804 1255 2888 exempla

118 2911 331 2995 superioribus
353 2909 526 2974 consimilia
548 2909 611 2973 fere
634 2910 724 2973 haec:
748 2910 932 2974 semihiante
953 2909 1031 2988 LXI,
1046 2909 1119 2975 220.
1136 2907 1184 2970 nil
1199 2929 1255 2992 pro

115 3014 195 3078 nihil
219 3014 277 3092 Vl,
309 3015 357 3080 12.
396 3014 501 3092 XVII,
532 3016 583 3078 21.
627 3014 726 3090 XXX,
750 3015 778 3078 2.
815 3013 982 3093 XXXXII,
1006 3015 1055 3079 21.
1095 3012 1179 3092 LXI,
1203 3015 1256 3078 61.

117 3119 248 3196 LXIIII,
281 3121 351 3184 146.
374 3118 535 3195 vassrb,
568 3119 617 3182 77.
644 3117 848 3197 LXXXXHl,
875 3124 900 3184 1.
925 3117 1002 3181 alibi
1025 3138 1146 3202 semper
1167 3119 1255 3195 achil,

116 3244 205 3309 porro
229 3223 293 3286 nilo
317 3223 364 3285 bis
387 3221 602 3301 LXXXXVII,
628 3224 648 3287 3
668 3223 722 3287 ubi
745 3221 875 3285 altemm
898 3224 1056 3305 ne‘lostqac
1078 3241 1116 3283 ex
1132 3219 1256 3284 Germa·

117 3327 221 3391 nensis
239 3325 407 3390 Colbertini
423 3325 602 3390 Santoniani
624 3325 752 3389 lectione
773 3328 922 3410 nobisque
945 3326 1059 3410 optime
1076 3323 1256 3389 Schwabius

119 3430 305 3495 emendavit.
351 3429 413 3494 Sed
449 3429 646 3512 trisyllabum
678 3432 773 3492 nihilo
811 3436 914 3514 aperte
946 3427 1084 3492 Catullus
1119 3427 1196 3490 dixit
1223 3428 1255 3490 in

116 3535 376 3618 hendecasyllabo
396 3533 539 3612 XXVIII,
565 3535 605 3596 12
628 3533 713 3597 etin
735 3533 882 3616 glyconeo
908 3531 989 3610 erl,
1016 3533 1075 3597 197
1099 3532 1137 3594 cf.
1162 3531 1255 3594 Lach-

116 3660 247 3703 mannus
283 3637 323 3701 ad
351 3639 435 3705 Lucr.
465 3661 495 3723 p.
523 3637 565 3702 28
593 3636 646 3719 qui
675 3644 796 3722 praeter
818 3637 896 3701 alios
918 3635 1092 3700 Lucretium
1117 3634 1255 3699 diversas

117 3744 208 3806 huius
231 3741 315 3806 vocis
338 3742 453 3805 formas
476 3741 591 3822 ubique
614 3741 801 3805 contraxisse
824 3741 963 3805 affirmat.
1001 3739 1063 3804 Nec
1078 3739 1255 3824 repudiavit

115 3846 364 3931 monosyllabum
402 3845 430 3908 is
467 3845 517 3927 qui
558 3843 654 3908 (lirim
687 3844 813 3930 scripsit
844 3855 873 3907 et
895 3844 1074 3925 frequenter
1098 3842 1255 3907 Catullum

116 3950 265 4014 imitando
290 3950 443 4033 expressit
470 3949 544 4013 locis
573 3948 635 4012 his:
673 3952 746 4014 261.
770 3948 843 4013 234.
867 3947 939 4013 338.
963 3949 1036 4012 404.
1060 3947 1192 4029 denique
1213 3954 1257 4010 mr'

118 4054 164 4118 vel
188 4060 248 4117 mci
270 4073 324 4138 pro
348 4056 424 4114 mibi
443 4062 532 4137 poeta
552 4055 590 4132 ob
612 4052 771 4116 metricam
795 4051 1006 4115 necessitatem
1023 4049 1099 4113 adeo
1116 4050 1253 4132 frequen-

115 4167 168 4235 tat,
195 4165 227 4221 ut
249 4155 398 4240 exemplis
421 4156 453 4218 id
475 4159 605 4241 probare
629 4155 755 4218 minime
778 4176 900 4221 necesse
924 4157 973 4220 sit.

204 4262 355 4325 Venimus
372 4283 451 4325 nuuc
459 4261 498 4324 ad
508 4262 539 4324 id
553 4281 649 4342 genus
663 4259 880 4323 contractionis
897 4280 957 4342 quo
974 4259 1051 4322 dirae
1062 4259 1183 4323 vocales
1194 4258 1255 4322 alia

115 4367 220 4430 littera
236 4388 297 4430 non
312 4365 522 4429 intercedente
544 4371 738 4429 concurrunt.
768 4363 801 4426 Si
815 4363 945 4427 eundem
956 4384 1064 4429 sonum
1076 4363 1190 4427 habent
1202 4362 1253 4426 vel

1045 4465 1082 4523 4⁴⁴³
