<?xml version="1.0" encoding="UTF-8"?>
<!DOCTYPE html PUBLIC "-//W3C//DTD XHTML 1.0 Transitional//EN"
    "http://www.w3.org/TR/xhtml1/DTD/xhtml1-transitional.dtd">
<html xmlns="http://www.w3.org/1999/xhtml" xml:lang="en" lang="en">
 <head>
  <title>
</title>
<meta http-equiv="Content-Type" content="text/html;charset=utf-8" />
  <meta name='ocr-system' content='tesseract 3.04.00' />
  <meta name='ocr-capabilities' content='ocr_page ocr_carea ocr_par ocr_line ocrx_word'/>
</head>
<body>
  <div class='ocr_page' id='page_1' title='image "./decatullianorum00reecgoog_0083.png"; bbox 0 0 2872 4852; ppageno 0'>
   <div class='ocr_carea' id='block_1_1' title="bbox 702 208 744 274">
    <p class='ocr_par' dir='ltr' id='par_1_1' title="bbox 702 208 744 274">
     <span class='ocr_line' id='line_1_1' title="bbox 702 208 744 274; baseline 0.071 -3"><span class='ocrx_word' id='word_1_1' title='bbox 702 208 744 274; x_wconf 85' lang='grc'><strong>74</strong></span> 
     </span>
    </p>
   </div>
   <div class='ocr_carea' id='block_1_2' title="bbox 146 397 1288 589">
    <p class='ocr_par' dir='ltr' id='par_1_2' title="bbox 146 397 1288 589">
     <span class='ocr_line' id='line_1_2' title="bbox 146 397 1286 485; baseline 0 -23"><span class='ocrx_word' id='word_1_2' title='bbox 146 401 327 463; x_wconf 74' lang='lat' dir='ltr'><em>mehercules</em></span> <span class='ocrx_word' id='word_1_3' title='bbox 361 397 526 480; x_wconf 88' lang='lat' dir='ltr'><strong>legandum</strong></span> <span class='ocrx_word' id='word_1_4' title='bbox 564 399 721 485; x_wconf 81' lang='lat' dir='ltr'>proposuit</span> <span class='ocrx_word' id='word_1_5' title='bbox 755 399 794 463; x_wconf 90' lang='lat' dir='ltr'><strong>ad</strong></span> <span class='ocrx_word' id='word_1_6' title='bbox 824 399 995 484; x_wconf 80' lang='lat' dir='ltr'><strong>exemplum</strong></span> <span class='ocrx_word' id='word_1_7' title='bbox 1033 399 1109 462; x_wconf 89' lang='lat' dir='ltr'><strong>illud</strong></span> <span class='ocrx_word' id='word_1_8' title='bbox 1150 398 1286 462; x_wconf 83' lang='lat' dir='ltr'>Phaedri</span> 
     </span>
     <span class='ocr_line' id='line_1_3' title="bbox 146 502 1288 589; baseline 0.001 -23"><span class='ocrx_word' id='word_1_9' title='bbox 146 506 206 569; x_wconf 86' lang='lat' dir='ltr'><strong>iab.</strong></span> <span class='ocrx_word' id='word_1_10' title='bbox 223 503 275 583; x_wconf 87' lang='lat' dir='ltr'><strong>VI,</strong></span> <span class='ocrx_word' id='word_1_11' title='bbox 293 505 323 580; x_wconf 82' lang='lat'><strong>9,</strong></span> <span class='ocrx_word' id='word_1_12' title='bbox 333 506 361 568; x_wconf 88' lang='lat'><strong>3.</strong></span> <span class='ocrx_word' id='word_1_13' title='bbox 379 503 519 584; x_wconf 84' lang='lat' dir='ltr'><strong>Silligius</strong></span> <span class='ocrx_word' id='word_1_14' title='bbox 534 503 625 586; x_wconf 91' lang='lat' dir='ltr'><strong>eique</strong></span> <span class='ocrx_word' id='word_1_15' title='bbox 641 504 692 587; x_wconf 93' lang='lat' dir='ltr'><strong>qui</strong></span> <span class='ocrx_word' id='word_1_16' title='bbox 708 503 913 589; x_wconf 82' lang='lat' dir='ltr'><strong>adstipulatus</strong></span> <span class='ocrx_word' id='word_1_17' title='bbox 930 510 977 567; x_wconf 89' lang='lat' dir='ltr'><strong>est</strong></span> <span class='ocrx_word' id='word_1_18' title='bbox 992 502 1204 567; x_wconf 85' lang='lat' dir='ltr'><strong>Froehlichins</strong></span> <span class='ocrx_word' id='word_1_19' title='bbox 1214 509 1288 587; x_wconf 88' lang='lat' dir='ltr'><strong>post</strong></span> 
     </span>
    </p>
   </div>
   <div class='ocr_carea' id='block_1_3' title="bbox 145 606 1365 2567">
    <p class='ocr_par' dir='ltr' id='par_1_3' title="bbox 145 606 1365 1002">
     <span class='ocr_line' id='line_1_4' title="bbox 146 606 1287 692; baseline -0.001 -25"><span class='ocrx_word' id='word_1_20' title='bbox 146 607 326 692; x_wconf 89' lang='lat' dir='ltr'><strong>particulam</strong></span> <span class='ocrx_word' id='word_1_21' title='bbox 342 616 370 671; x_wconf 84' lang='lat' dir='ltr'><strong>ct</strong></span> <span class='ocrx_word' id='word_1_22' title='bbox 384 607 533 671; x_wconf 88' lang='lat' dir='ltr'><strong>omissum</strong></span> <span class='ocrx_word' id='word_1_23' title='bbox 549 628 615 671; x_wconf 86' lang='lat' dir='ltr'><strong>esse</strong></span> <span class='ocrx_word' id='word_1_24' title='bbox 631 614 815 692; x_wconf 87' lang='lat' dir='ltr'><strong>putaverunt</strong></span> <span class='ocrx_word' id='word_1_25' title='bbox 830 615 875 670; x_wconf 85' lang='lat' dir='ltr'><strong>esl</strong></span> <span class='ocrx_word' id='word_1_26' title='bbox 888 606 979 685; x_wconf 88' lang='lat' dir='ltr'><strong>iilud,</strong></span> <span class='ocrx_word' id='word_1_27' title='bbox 1004 607 1084 690; x_wconf 90' lang='lat' dir='ltr'><strong>quod</strong></span> <span class='ocrx_word' id='word_1_28' title='bbox 1101 607 1287 671; x_wconf 87' lang='lat' dir='ltr'><strong>Schwabius</strong></span> 
     </span>
     <span class='ocr_line' id='line_1_5' title="bbox 146 710 1286 798; baseline 0 -24"><span class='ocrx_word' id='word_1_29' title='bbox 146 711 289 796; x_wconf 88' lang='lat' dir='ltr'><strong>probavit</strong></span> <span class='ocrx_word' id='word_1_30' title='bbox 317 716 348 775; x_wconf 89' lang='lat' dir='ltr'><strong>et</strong></span> <span class='ocrx_word' id='word_1_31' title='bbox 378 710 410 774; x_wconf 92' lang='lat' dir='ltr'><strong>in</strong></span> <span class='ocrx_word' id='word_1_32' title='bbox 441 716 560 774; x_wconf 82' lang='lat' dir='ltr'><strong>textum</strong></span> <span class='ocrx_word' id='word_1_33' title='bbox 591 712 711 798; x_wconf 86' lang='lat' dir='ltr'><strong>recepit.</strong></span> <span class='ocrx_word' id='word_1_34' title='bbox 757 712 790 774; x_wconf 91' lang='lat' dir='ltr'><strong>In</strong></span> <span class='ocrx_word' id='word_1_35' title='bbox 813 733 845 775; x_wconf 90' lang='lat' dir='ltr'><strong>re</strong></span> <span class='ocrx_word' id='word_1_36' title='bbox 868 711 986 774; x_wconf 89' lang='lat' dir='ltr'><strong>incerta</strong></span> <span class='ocrx_word' id='word_1_37' title='bbox 1008 712 1079 797; x_wconf 89' lang='lat' dir='ltr'><strong>quis</strong></span> <span class='ocrx_word' id='word_1_38' title='bbox 1103 733 1213 776; x_wconf 77' lang='lat' dir='ltr'><strong>verrem</strong></span> <span class='ocrx_word' id='word_1_39' title='bbox 1237 711 1286 774; x_wconf 90' lang='lat' dir='ltr'><strong>in-</strong></span> 
     </span>
     <span class='ocr_line' id='line_1_6' title="bbox 145 814 1365 900; baseline -0.001 -22"><span class='ocrx_word' id='word_1_40' title='bbox 145 816 273 898; x_wconf 86' lang='lat' dir='ltr'><strong>dagasse</strong></span> <span class='ocrx_word' id='word_1_41' title='bbox 297 815 435 879; x_wconf 91' lang='lat' dir='ltr'><strong>videatur</strong></span> <span class='ocrx_word' id='word_1_42' title='bbox 451 814 621 879; x_wconf 87' lang='lat' dir='ltr'><strong>diiudicare</strong></span> <span class='ocrx_word' id='word_1_43' title='bbox 636 837 696 880; x_wconf 93' lang='lat' dir='ltr'><strong>non</strong></span> <span class='ocrx_word' id='word_1_44' title='bbox 712 816 823 893; x_wconf 86' lang='lat' dir='ltr'><strong>ausim,</strong></span> <span class='ocrx_word' id='word_1_45' title='bbox 848 815 922 880; x_wconf 88' lang='lat' dir='ltr'><strong>licet</strong></span> <span class='ocrx_word' id='word_1_46' title='bbox 937 816 1017 880; x_wconf 93' lang='lat' dir='ltr'><strong>haud</strong></span> <span class='ocrx_word' id='word_1_47' title='bbox 1035 816 1168 880; x_wconf 84' lang='lat' dir='ltr'><strong>diffitear</strong></span> <span class='ocrx_word' id='word_1_48' title='bbox 1183 816 1286 900; x_wconf 89' lang='lat' dir='ltr'><strong>magis</strong></span> <span class='ocrx_word' id='word_1_49' title='bbox 1362 852 1365 859; x_wconf 90' lang='lat'>-</span> 
     </span>
     <span class='ocr_line' id='line_1_7' title="bbox 146 919 766 1002; baseline 0 -19"><span class='ocrx_word' id='word_1_50' title='bbox 146 919 235 983; x_wconf 92' lang='lat' dir='ltr'><strong>mihi·</strong></span> <span class='ocrx_word' id='word_1_51' title='bbox 247 919 381 983; x_wconf 81' lang='lat' dir='ltr'><strong>arridere</strong></span> <span class='ocrx_word' id='word_1_52' title='bbox 404 919 515 1002; x_wconf 83' lang='lat' dir='ltr'><strong>Silligii</strong></span> <span class='ocrx_word' id='word_1_53' title='bbox 539 919 709 986; x_wconf 90' lang='lat' dir='ltr'><strong>inventum.</strong></span> <span class='ocrx_word' id='word_1_54' title='bbox 726 957 766 965; x_wconf 91' lang='lat'>—</span> 
     </span>
    </p>

    <p class='ocr_par' dir='ltr' id='par_1_4' title="bbox 147 1022 1288 1935">
     <span class='ocr_line' id='line_1_8' title="bbox 232 1022 1287 1110; baseline -0.002 -23"><span class='ocrx_word' id='word_1_55' title='bbox 232 1023 325 1088; x_wconf 89' lang='lat' dir='ltr'><strong>Porro</strong></span> <span class='ocrx_word' id='word_1_56' title='bbox 349 1022 386 1086; x_wconf 94' lang='lat' dir='ltr'><strong>de</strong></span> <span class='ocrx_word' id='word_1_57' title='bbox 408 1023 566 1089; x_wconf 87' lang='lat' dir='ltr'><strong>vocubulis</strong></span> <span class='ocrx_word' id='word_1_58' title='bbox 588 1023 727 1088; x_wconf 82' lang='lat' dir='ltr'><strong>iambicis</strong></span> <span class='ocrx_word' id='word_1_59' title='bbox 750 1023 937 1088; x_wconf 88' lang='lat' dir='ltr'><strong>monendum</strong></span> <span class='ocrx_word' id='word_1_60' title='bbox 960 1031 1006 1088; x_wconf 88' lang='lat' dir='ltr'><strong>est</strong></span> <span class='ocrx_word' id='word_1_61' title='bbox 1027 1024 1158 1110; x_wconf 87' lang='lat' dir='ltr'><strong>optimos</strong></span> <span class='ocrx_word' id='word_1_62' title='bbox 1174 1032 1287 1109; x_wconf 90' lang='lat' dir='ltr'><strong>poetas</strong></span> 
     </span>
     <span class='ocr_line' id='line_1_9' title="bbox 147 1127 1288 1211; baseline 0.002 -21"><span class='ocrx_word' id='word_1_63' title='bbox 147 1129 203 1191; x_wconf 90' lang='lat' dir='ltr'><strong>hac</strong></span> <span class='ocrx_word' id='word_1_64' title='bbox 228 1128 293 1211; x_wconf 87' lang='lat' dir='ltr'><strong>lege</strong></span> <span class='ocrx_word' id='word_1_65' title='bbox 316 1149 348 1191; x_wconf 90' lang='lat' dir='ltr'><strong>se</strong></span> <span class='ocrx_word' id='word_1_66' title='bbox 370 1127 567 1204; x_wconf 80' lang='lat' dir='ltr'><strong>astrinxisse,</strong></span> <span class='ocrx_word' id='word_1_67' title='bbox 592 1135 627 1192; x_wconf 94' lang='lat' dir='ltr'><strong>ut</strong></span> <span class='ocrx_word' id='word_1_68' title='bbox 648 1129 820 1211; x_wconf 91' lang='lat' dir='ltr'><strong>ubicunque</strong></span> <span class='ocrx_word' id='word_1_69' title='bbox 844 1135 1017 1192; x_wconf 76' lang='lat' dir='ltr'><strong>constarent</strong></span> <span class='ocrx_word' id='word_1_70' title='bbox 1037 1135 1108 1192; x_wconf 89' lang='lat' dir='ltr'><strong>ante</strong></span> <span class='ocrx_word' id='word_1_71' title='bbox 1128 1128 1288 1211; x_wconf 88' lang='lat' dir='ltr'><strong>syllabam</strong></span> 
     </span>
     <span class='ocr_line' id='line_1_10' title="bbox 168 1232 1287 1318; baseline 0 -23"><span class='ocrx_word' id='word_1_72' title='bbox 168 1240 299 1311; x_wconf 85' lang='lat' dir='ltr'><strong>acutam,</strong></span> <span class='ocrx_word' id='word_1_73' title='bbox 323 1252 443 1315; x_wconf 86' lang='lat' dir='ltr'><strong>semper</strong></span> <span class='ocrx_word' id='word_1_74' title='bbox 458 1254 529 1296; x_wconf 89' lang='lat' dir='ltr'><strong>cum</strong></span> <span class='ocrx_word' id='word_1_75' title='bbox 542 1232 628 1297; x_wconf 91' lang='lat' dir='ltr'><strong>hiatu</strong></span> <span class='ocrx_word' id='word_1_76' title='bbox 647 1254 683 1296; x_wconf 90' lang='lat' dir='ltr'><strong>ea</strong></span> <span class='ocrx_word' id='word_1_77' title='bbox 698 1234 877 1318; x_wconf 88' lang='lat' dir='ltr'><strong>proferrent.</strong></span> <span class='ocrx_word' id='word_1_78' title='bbox 908 1233 997 1297; x_wconf 91' lang='lat' dir='ltr'><strong>Hunc</strong></span> <span class='ocrx_word' id='word_1_79' title='bbox 1013 1253 1128 1296; x_wconf 89' lang='lat' dir='ltr'><strong>morem</strong></span> <span class='ocrx_word' id='word_1_80' title='bbox 1146 1232 1287 1297; x_wconf 85' lang='lat' dir='ltr'><strong>Catallus</strong></span> 
     </span>
     <span class='ocr_line' id='line_1_11' title="bbox 148 1334 1284 1422; baseline 0.001 -24"><span class='ocrx_word' id='word_1_81' title='bbox 148 1334 291 1421; x_wconf 84' lang='lat' dir='ltr'><strong>probavit</strong></span> <span class='ocrx_word' id='word_1_82' title='bbox 324 1335 446 1400; x_wconf 90' lang='lat' dir='ltr'><strong>duobus</strong></span> <span class='ocrx_word' id='word_1_83' title='bbox 480 1336 628 1422; x_wconf 85' lang='lat' dir='ltr'><strong>exemplis</strong></span> <span class='ocrx_word' id='word_1_84' title='bbox 665 1337 769 1420; x_wconf 89' lang='lat' dir='ltr'><strong>qualia</strong></span> <span class='ocrx_word' id='word_1_85' title='bbox 806 1344 878 1400; x_wconf 88' lang='lat' dir='ltr'><strong>sunt</strong></span> <span class='ocrx_word' id='word_1_86' title='bbox 906 1337 1015 1416; x_wconf 83' lang='lat' dir='ltr'>LXVI,</span> <span class='ocrx_word' id='word_1_87' title='bbox 1042 1340 1095 1401; x_wconf 91' lang='lat' dir='ltr'><strong>ll:</strong></span> <span class='ocrx_word' id='word_1_88' title='bbox 1133 1355 1207 1417; x_wconf 87' lang='lat' dir='ltr'><strong>‚qua</strong></span> <span class='ocrx_word' id='word_1_89' title='bbox 1230 1358 1284 1399; x_wconf 87' lang='lat' dir='ltr'><strong>rex</strong></span> 
     </span>
     <span class='ocr_line' id='line_1_12' title="bbox 148 1439 1287 1526; baseline -0.001 -22"><span class='ocrx_word' id='word_1_90' title='bbox 148 1446 330 1526; x_wconf 82' lang='lat' dir='ltr'><strong>tempestate</strong></span> <span class='ocrx_word' id='word_1_91' title='bbox 357 1461 436 1505; x_wconf 85' lang='lat' dir='ltr'><strong>novo</strong></span> <span class='ocrx_word' id='word_1_92' title='bbox 464 1446 570 1505; x_wconf 88' lang='lat' dir='ltr'><strong>auctus</strong></span> <span class='ocrx_word' id='word_1_93' title='bbox 598 1442 788 1526; x_wconf 86' lang='lat' dir='ltr'><strong>hymenaeo‘.</strong></span> <span class='ocrx_word' id='word_1_94' title='bbox 835 1440 963 1518; x_wconf 83' lang='lat' dir='ltr'>CXIIII,</span> <span class='ocrx_word' id='word_1_95' title='bbox 988 1444 1025 1505; x_wconf 88' lang='lat'><strong>6:</strong></span> <span class='ocrx_word' id='word_1_96' title='bbox 1064 1441 1189 1517; x_wconf 89' lang='lat' dir='ltr'><strong>‚saltum</strong></span> <span class='ocrx_word' id='word_1_97' title='bbox 1220 1439 1287 1503; x_wconf 89' lang='lat' dir='ltr'><strong>Iau-</strong></span> 
     </span>
     <span class='ocr_line' id='line_1_13' title="bbox 148 1544 1286 1630; baseline -0.002 -21"><span class='ocrx_word' id='word_1_98' title='bbox 148 1547 270 1624; x_wconf 89' lang='lat' dir='ltr'><strong>demus‚</strong></span> <span class='ocrx_word' id='word_1_99' title='bbox 305 1545 378 1608; x_wconf 89' lang='lat' dir='ltr'><strong>dum</strong></span> <span class='ocrx_word' id='word_1_100' title='bbox 413 1545 502 1609; x_wconf 93' lang='lat' dir='ltr'><strong>domo</strong></span> <span class='ocrx_word' id='word_1_101' title='bbox 533 1546 600 1630; x_wconf 91' lang='lat' dir='ltr'><strong>ipse</strong></span> <span class='ocrx_word' id='word_1_102' title='bbox 623 1551 718 1629; x_wconf 87' lang='lat' dir='ltr'><strong>egeat‘</strong></span> <span class='ocrx_word' id='word_1_103' title='bbox 748 1544 785 1607; x_wconf 90' lang='lat' dir='ltr'><strong>de</strong></span> <span class='ocrx_word' id='word_1_104' title='bbox 808 1545 963 1629; x_wconf 87' lang='lat' dir='ltr'><strong>praeclara</strong></span> <span class='ocrx_word' id='word_1_105' title='bbox 990 1545 1165 1608; x_wconf 84' lang='lat' dir='ltr'><strong>coniectura</strong></span> <span class='ocrx_word' id='word_1_106' title='bbox 1188 1544 1286 1608; x_wconf 88' lang='lat' dir='ltr'><strong>Lach-</strong></span> 
     </span>
     <span class='ocr_line' id='line_1_14' title="bbox 148 1647 1286 1734; baseline -0.002 -22"><span class='ocrx_word' id='word_1_107' title='bbox 148 1649 253 1713; x_wconf 89' lang='lat' dir='ltr'><strong>manni</strong></span> <span class='ocrx_word' id='word_1_108' title='bbox 276 1647 325 1734; x_wconf 87' lang='lat' dir='ltr'><strong>(cf.</strong></span> <span class='ocrx_word' id='word_1_109' title='bbox 348 1649 478 1712; x_wconf 85' lang='lat' dir='ltr'><strong>eundem</strong></span> <span class='ocrx_word' id='word_1_110' title='bbox 494 1648 533 1712; x_wconf 84' lang='lat' dir='ltr'><strong>ad</strong></span> <span class='ocrx_word' id='word_1_111' title='bbox 549 1650 634 1715; x_wconf 89' lang='lat' dir='ltr'><strong>Lucr.</strong></span> <span class='ocrx_word' id='word_1_112' title='bbox 659 1671 686 1734; x_wconf 91' lang='lat' dir='ltr'><strong>p.</strong></span> <span class='ocrx_word' id='word_1_113' title='bbox 705 1650 791 1734; x_wconf 88' lang='grc'>196.)</span> <span class='ocrx_word' id='word_1_114' title='bbox 815 1649 928 1712; x_wconf 89' lang='lat' dir='ltr'><strong>Itidem</strong></span> <span class='ocrx_word' id='word_1_115' title='bbox 944 1649 978 1712; x_wconf 93' lang='lat' dir='ltr'><strong>in</strong></span> <span class='ocrx_word' id='word_1_116' title='bbox 993 1649 1119 1713; x_wconf 89' lang='lat' dir='ltr'><strong>vocibus</strong></span> <span class='ocrx_word' id='word_1_117' title='bbox 1135 1647 1286 1712; x_wconf 87' lang='lat' dir='ltr'><strong>creticum</strong></span> 
     </span>
     <span class='ocr_line' id='line_1_15' title="bbox 148 1750 1286 1839; baseline -0.003 -22"><span class='ocrx_word' id='word_1_118' title='bbox 148 1754 257 1839; x_wconf 89' lang='lat' dir='ltr'><strong>pedem</strong></span> <span class='ocrx_word' id='word_1_119' title='bbox 280 1753 482 1818; x_wconf 83' lang='lat' dir='ltr'><strong>efficientibus</strong></span> <span class='ocrx_word' id='word_1_120' title='bbox 505 1775 574 1817; x_wconf 89' lang='lat' dir='ltr'><strong>cum</strong></span> <span class='ocrx_word' id='word_1_121' title='bbox 596 1753 666 1817; x_wconf 89' lang='lat' dir='ltr'><strong>aliis</strong></span> <span class='ocrx_word' id='word_1_122' title='bbox 688 1759 780 1839; x_wconf 90' lang='lat' dir='ltr'><strong>poeta</strong></span> <span class='ocrx_word' id='word_1_123' title='bbox 794 1752 915 1816; x_wconf 90' lang='lat' dir='ltr'><strong>hiatum</strong></span> <span class='ocrx_word' id='word_1_124' title='bbox 938 1753 999 1816; x_wconf 91' lang='lat' dir='ltr'><strong>sibi</strong></span> <span class='ocrx_word' id='word_1_125' title='bbox 1015 1751 1163 1837; x_wconf 84' lang='lat' dir='ltr'><strong>permisit,</strong></span> <span class='ocrx_word' id='word_1_126' title='bbox 1188 1750 1286 1815; x_wconf 88' lang='lat' dir='ltr'><strong>voluti</strong></span> 
     </span>
     <span class='ocr_line' id='line_1_16' title="bbox 149 1855 1285 1935; baseline -0.003 -14"><span class='ocrx_word' id='word_1_127' title='bbox 149 1857 241 1922; x_wconf 90' lang='lat' dir='ltr'><strong>semel</strong></span> <span class='ocrx_word' id='word_1_128' title='bbox 266 1857 323 1922; x_wconf 91' lang='lat' dir='ltr'><strong>hoc</strong></span> <span class='ocrx_word' id='word_1_129' title='bbox 345 1857 436 1921; x_wconf 90' lang='lat' dir='ltr'><strong>modo</strong></span> <span class='ocrx_word' id='word_1_130' title='bbox 460 1856 538 1921; x_wconf 84' lang='lat' dir='ltr'><strong>dixit</strong></span> <span class='ocrx_word' id='word_1_131' title='bbox 554 1857 646 1934; x_wconf 83' lang='lat' dir='ltr'>LVII,</span> <span class='ocrx_word' id='word_1_132' title='bbox 671 1860 706 1921; x_wconf 83' lang='lat'><strong>7:</strong></span> <span class='ocrx_word' id='word_1_133' title='bbox 737 1878 808 1935; x_wconf 91' lang='lat' dir='ltr'><strong>‚uno</strong></span> <span class='ocrx_word' id='word_1_134' title='bbox 831 1857 863 1919; x_wconf 94' lang='lat' dir='ltr'><strong>in</strong></span> <span class='ocrx_word' id='word_1_135' title='bbox 880 1856 991 1921; x_wconf 84' lang='lat' dir='ltr'><strong>lectulo</strong></span> <span class='ocrx_word' id='word_1_136' title='bbox 1008 1855 1154 1920; x_wconf 90' lang='lat' dir='ltr'><strong>erudituli</strong></span> <span class='ocrx_word' id='word_1_137' title='bbox 1171 1856 1285 1919; x_wconf 88' lang='lat' dir='ltr'><strong>ambo‘.</strong></span> 
     </span>
    </p>

    <p class='ocr_par' dir='ltr' id='par_1_5' title="bbox 148 1951 1286 2567">
     <span class='ocr_line' id='line_1_17' title="bbox 235 1951 1286 2045; baseline -0.003 -19"><span class='ocrx_word' id='word_1_138' title='bbox 235 1961 327 2026; x_wconf 90' lang='lat' dir='ltr'><strong>Ultra</strong></span> <span class='ocrx_word' id='word_1_139' title='bbox 351 1963 407 2026; x_wconf 89' lang='lat' dir='ltr'><strong>has</strong></span> <span class='ocrx_word' id='word_1_140' title='bbox 434 1983 511 2045; x_wconf 89' lang='lat' dir='ltr'><strong>quas</strong></span> <span class='ocrx_word' id='word_1_141' title='bbox 533 1951 730 2025; x_wconf 86' lang='lat' dir='ltr'><strong>tractavimus</strong></span> <span class='ocrx_word' id='word_1_142' title='bbox 758 1961 952 2044; x_wconf 89' lang='lat' dir='ltr'><strong>quaestiones</strong></span> <span class='ocrx_word' id='word_1_143' title='bbox 980 1960 1118 2045; x_wconf 82' lang='lat' dir='ltr'><strong>progredi</strong></span> <span class='ocrx_word' id='word_1_144' title='bbox 1147 1959 1286 2045; x_wconf 89' lang='lat' dir='ltr'><strong>spatium</strong></span> 
     </span>
     <span class='ocr_line' id='line_1_18' title="bbox 151 2064 1286 2150; baseline -0.001 -21"><span class='ocrx_word' id='word_1_145' title='bbox 151 2065 312 2150; x_wconf 87' lang='lat' dir='ltr'><strong>prohibuit</strong></span> <span class='ocrx_word' id='word_1_146' title='bbox 334 2066 405 2130; x_wconf 90' lang='lat' dir='ltr'><strong>huic</strong></span> <span class='ocrx_word' id='word_1_147' title='bbox 427 2065 715 2130; x_wconf 89' lang='lat' dir='ltr'><strong>dissertatiunculae</strong></span> <span class='ocrx_word' id='word_1_148' title='bbox 738 2085 922 2131; x_wconf 86' lang='lat' dir='ltr'><strong>eoncessum.</strong></span> <span class='ocrx_word' id='word_1_149' title='bbox 958 2065 992 2128; x_wconf 89' lang='lat' dir='ltr'><strong>In</strong></span> <span class='ocrx_word' id='word_1_150' title='bbox 1015 2064 1055 2127; x_wconf 89' lang='lat' dir='ltr'><strong>iis</strong></span> <span class='ocrx_word' id='word_1_151' title='bbox 1078 2068 1183 2128; x_wconf 88' lang='lat' dir='ltr'><strong>autem</strong></span> <span class='ocrx_word' id='word_1_152' title='bbox 1206 2085 1286 2147; x_wconf 88' lang='lat' dir='ltr'><strong>quae</strong></span> 
     </span>
     <span class='ocr_line' id='line_1_19' title="bbox 148 2168 1286 2255; baseline -0.002 -22"><span class='ocrx_word' id='word_1_153' title='bbox 148 2192 229 2233; x_wconf 91' lang='lat' dir='ltr'><strong>nuno</strong></span> <span class='ocrx_word' id='word_1_154' title='bbox 251 2170 290 2232; x_wconf 88' lang='lat' dir='ltr'><strong>ad</strong></span> <span class='ocrx_word' id='word_1_155' title='bbox 318 2172 410 2234; x_wconf 90' lang='lat' dir='ltr'><strong>finem</strong></span> <span class='ocrx_word' id='word_1_156' title='bbox 438 2169 515 2234; x_wconf 92' lang='lat' dir='ltr'><strong>mihi</strong></span> <span class='ocrx_word' id='word_1_157' title='bbox 537 2169 715 2255; x_wconf 84' lang='lat' dir='ltr'><strong>perduxisse</strong></span> <span class='ocrx_word' id='word_1_158' title='bbox 738 2169 860 2248; x_wconf 83' lang='lat' dir='ltr'><strong>videor,</strong></span> <span class='ocrx_word' id='word_1_159' title='bbox 883 2169 910 2232; x_wconf 88' lang='lat' dir='ltr'><strong>si</strong></span> <span class='ocrx_word' id='word_1_160' title='bbox 933 2168 1007 2252; x_wconf 92' lang='lat' dir='ltr'><strong>quid</strong></span> <span class='ocrx_word' id='word_1_161' title='bbox 1029 2169 1176 2232; x_wconf 87' lang='lat' dir='ltr'><strong>censebor</strong></span> <span class='ocrx_word' id='word_1_162' title='bbox 1199 2187 1286 2253; x_wconf 86' lang='lat' dir='ltr'><strong>prae-</strong></span> 
     </span>
     <span class='ocr_line' id='line_1_20' title="bbox 149 2272 1285 2356; baseline -0.002 -19"><span class='ocrx_word' id='word_1_163' title='bbox 149 2273 265 2338; x_wconf 88' lang='lat' dir='ltr'><strong>stitisse</strong></span> <span class='ocrx_word' id='word_1_164' title='bbox 300 2273 382 2356; x_wconf 91' lang='lat' dir='ltr'><strong>quod</strong></span> <span class='ocrx_word' id='word_1_165' title='bbox 408 2273 448 2337; x_wconf 91' lang='lat' dir='ltr'><strong>ad</strong></span> <span class='ocrx_word' id='word_1_166' title='bbox 476 2273 728 2339; x_wconf 81' lang='lat' dir='ltr'><strong>consuetudinem</strong></span> <span class='ocrx_word' id='word_1_167' title='bbox 751 2273 866 2338; x_wconf 85' lang='lat' dir='ltr'><strong>Catulli</strong></span> <span class='ocrx_word' id='word_1_168' title='bbox 894 2274 928 2337; x_wconf 92' lang='lat' dir='ltr'><strong>in</strong></span> <span class='ocrx_word' id='word_1_169' title='bbox 955 2273 1046 2337; x_wconf 89' lang='lat' dir='ltr'><strong>rebus</strong></span> <span class='ocrx_word' id='word_1_170' title='bbox 1073 2272 1285 2355; x_wconf 79' lang='lat' dir='ltr'><strong>grammaticis</strong></span> 
     </span>
     <span class='ocr_line' id='line_1_21' title="bbox 150 2375 1286 2463; baseline -0.002 -22"><span class='ocrx_word' id='word_1_171' title='bbox 150 2377 399 2463; x_wconf 88' lang='lat' dir='ltr'><strong>prosodiacisque</strong></span> <span class='ocrx_word' id='word_1_172' title='bbox 421 2377 647 2441; x_wconf 88' lang='lat' dir='ltr'><strong>inlustrandam</strong></span> <span class='ocrx_word' id='word_1_173' title='bbox 678 2377 829 2463; x_wconf 88' lang='lat' dir='ltr'><strong>pertineat</strong></span> <span class='ocrx_word' id='word_1_174' title='bbox 862 2399 918 2442; x_wconf 92' lang='lat' dir='ltr'><strong>nec</strong></span> <span class='ocrx_word' id='word_1_175' title='bbox 945 2397 1006 2441; x_wconf 92' lang='lat' dir='ltr'><strong>non</strong></span> <span class='ocrx_word' id='word_1_176' title='bbox 1029 2376 1066 2441; x_wconf 89' lang='lat' dir='ltr'><strong>ad</strong></span> <span class='ocrx_word' id='word_1_177' title='bbox 1098 2376 1193 2440; x_wconf 85' lang='lat' dir='ltr'><strong>verba</strong></span> <span class='ocrx_word' id='word_1_178' title='bbox 1220 2375 1286 2441; x_wconf 87' lang='lat' dir='ltr'><strong>eius</strong></span> 
     </span>
     <span class='ocr_line' id='line_1_22' title="bbox 149 2481 891 2567; baseline -0.001 -21"><span class='ocrx_word' id='word_1_179' title='bbox 149 2482 339 2546; x_wconf 84' lang='lat' dir='ltr'><strong>restituenda</strong></span> <span class='ocrx_word' id='word_1_180' title='bbox 360 2481 516 2559; x_wconf 85' lang='lat' dir='ltr'><strong>conducat,</strong></span> <span class='ocrx_word' id='word_1_181' title='bbox 540 2502 723 2567; x_wconf 88' lang='lat' dir='ltr'><strong>magnopere</strong></span> <span class='ocrx_word' id='word_1_182' title='bbox 746 2481 891 2546; x_wconf 88' lang='lat' dir='ltr'><strong>laetabor.</strong></span> 
     </span>
    </p>
   </div>
   <div class='ocr_carea' id='block_1_4' title="bbox 0 0 1448 4852">
    <p class='ocr_par' dir='ltr' id='par_1_6' title="bbox 0 0 1448 4852">
     <span class='ocr_line' id='line_1_23' title="bbox 0 0 1448 4852; baseline 0 0"><span class='ocrx_word' id='word_1_183' title='bbox 0 0 1448 4852; x_wconf 95' lang='lat' dir='ltr'><strong> </strong></span> 
     </span>
    </p>
   </div>
  </div>
 </body>
</html>
