2872 4852
688 199 729 263 67

139 386 290 469 singulari
313 395 473 474 poetarum
497 411 554 454 usu
577 391 740 456 inlustrato
763 390 1049 476 splendidissimam
1071 390 1171 454 lucem
1194 396 1275 455 attu-

10 546 12 551 .
141 491 177 554 lit
201 492 411 557 Lachmannus
440 517 548 577 comm.
578 497 664 558 Lucr.
697 519 725 580 p.
752 494 928 560 158-164.
975 494 1091 577 Atque
1112 495 1145 558 iu
1178 495 1280 581 primo·

55 641 57 645 -
139 597 296 680 alteroque
319 620 427 680 genere
450 599 501 662 ubi
525 600 717 684 paenultima
739 599 823 664 vocis
847 598 966 682 syllaba
988 599 1080 682 longa
1096 605 1144 662 est
1162 599 1276 662 vocalis

140 700 189 763 cui
213 710 266 765 aut
287 702 378 786 longa
398 703 514 766 vocalis
537 705 603 768 sive
620 703 831 788 diphthongus
856 710 908 766 aut
926 703 1026 767 brevis
1049 703 1184 767 succedit
1206 701 1284 768 auce?

140 805 298 888 proximae
321 806 467 871 dictionis
490 808 634 885 vocalem,
658 808 736 871 nihil
761 808 887 872 huiusce
910 806 994 871 modi
1011 829 1135 892 prorsus
1151 808 1287 872 exhibet-

139 931 194 972 nec
217 910 356 975 catulus
386 933 441 975 nec
463 912 622 976 Lucretius
652 920 759 997 utpote
793 933 860 975 cum
891 911 922 975 in
952 911 1024 975 aliis
1047 931 1126 993 quae
1149 912 1188 975 ad
1211 934 1277 977 ver-

140 1035 229 1076 suum
253 1016 504 1100 compositionem
528 1025 668 1102 spectant
688 1024 754 1080 tum
778 1016 810 1079 iu
835 1015 889 1079 hac
913 1037 946 1078 re
969 1016 1168 1080 cautissimus
1190 1038 1277 1101 prae-
1395 1041 1399 1047 ·

143 1124 190 1180 ter
212 1126 330 1183 ceteros
353 1119 527 1204 dactylicos,
573 1121 697 1185 Etenim
728 1122 759 1183 in
787 1120 921 1183 carmine
949 1120 1016 1183 eius
1048 1141 1126 1202 quae
1149 1121 1279 1184 adversa

118 1275 120 1279 .
140 1221 282 1287 videntur
304 1245 371 1287 esse
393 1224 438 1287 illi
462 1225 571 1288 rationi
594 1224 745 1310 exempla,
766 1245 827 1288 non
850 1232 913 1287 tam
938 1224 1037 1310 ipsius
1060 1232 1168 1308 poetae
1184 1228 1279 1290 verba

140 1333 213 1389 sunt
243 1346 335 1408 quam
366 1329 562 1394 librariorum
599 1336 768 1395 commenta
799 1328 910 1393 extrita
940 1328 1064 1410 quidem
1088 1328 1276 1392 Lachmauni

139 1430 405 1497 emendationibus
429 1435 619 1501 certissimis
666 1435 702 1498 lu
724 1433 816 1512 tertio¹
841 1439 943 1497 autem
971 1451 1080 1513 genere
1103 1451 1164 1513 quo
1180 1426 1277 1518 ¹diph-

139 1535 253 1619 thongo
277 1535 369 1620 longa
391 1538 507 1602 vocalis
530 1539 580 1603 vel
604 1539 811 1625 diphthongus
834 1528 998 1601 subiicitur
1015 1556 1085 1598 cum
1100 1537 1191 1620 pauci
1213 1537 1277 1600 hia-

88 1684 91 1690 ,
139 1646 205 1702 turn
225 1641 403 1724 praeferunt
419 1641 552 1721 elisioni,
576 1643 713 1727 plerique
730 1643 854 1708 omnino
872 1662 939 1704 earn
954 1646 1114 1724 respuunt,
1138 1640 1278 1704 Catullus

140 1743 265 1824 quidem
295 1765 357 1808 uon
392 1745 548 1810 dubitavit
578 1747 715 1829 syllabas
744 1747 901 1828 contIguas
924 1745 973 1808 bis
996 1743 1138 1827 copulare
1160 1745 1191 1806 in
1215 1766 1276 1809 uno

139 1847 309 1930 eodemque
341 1869 433 1912 versu
464 1832 608 1914 carminis
630 1850 803 1929 LllVlllb,
827 1852 886 1915 99:
923 1849 988 1926 ,sed
1016 1848 1110 1911 Troia
1136 1851 1276 1928 obscena,

119 1945 121 1949 ’
140 1948 376 2016 ’11010111101100
399 1953 575 2035 sepultum‘.
609 1955 658 2018 Ab
681 1955 738 2018 hoc
760 1953 866 2040 paullo
883 1952 1041 2017 diversum
1064 1959 1110 2015 est
1133 1960 1277 2035 quartum

140 2077 236 2138 genus
252 2056 335 2138 quod
351 2057 578 2141 diphthongum
594 2058 686 2123 habet
705 2081 773 2122 curu
796 2063 936 2142 correpta
952 2056 1049 2120 vocali
1073 2056 1278 2124 coniunctam.

139 2162 177 2223 In
200 2181 260 2243 quo
282 2170 386 2224 tamen
408 2162 616 2247 synaloephen
640 2170 729 2247 poeta
750 2183 901 2245 nusquam
926 2160 1051 2224 admisit
1072 2160 1135 2229 nisi
1157 2161 1191 2224 in
1213 2184 1278 2226 ver·

139 2264 225 2327 sibus
241 2267 292 2347 qui
309 2265 454 2330 dicuntur
468 2266 663 2331 intercalares
682 2267 731 2331 vel
755 2262 993 2357 ἕπιφωνήματα
1016 2264 1186 2328 carminum
1201 2265 1282 2328 LXI'

140 2374 171 2431 et
192 2368 290 2431 LXII.
335 2369 466 2455 Scripsit
488 2371 571 2434 enim
593 2371 770 2455 Hymenaee
790 2370 914 2454 Hymen
936 2368 1018 2446 LXI,
1037 2373 1065 2432 4.
1081 2368 1132 2435 39.
1152 2368 1203 2432 49.
1226 2369 1275 2435 59.

139 2471 232 2550 LXII,
255 2473 285 2538 5.
312 2478 360 2538 16.
387 2477 435 2540 19.
460 2479 511 2540 25.
535 2478 585 2542 31.
608 2479 658 2543 38.
681 2475 733 2540 48.
757 2478 808 2542 66.
845 2475 1023 2559 Hymenaee
1045 2472 1075 2536 io
1098 2471 1181 2551 LXI,
1206 2474 1275 2547 124.

143 2577 210 2640 144.
236 2576 305 2641 149.
333 2578 403 2644 154.
429 2581 497 2645 159.
525 2582 590 2646 164.
617 2581 688 2646 169.
715 2581 785 2644 174.
813 2581 882 2651 lta.
902 2580 963 2645 184
992 2578 1060 2643 189.
1093 2578 1177 2654 Quae
1191 2576 1274 2660 apud

139 2679 216 2744 alios
249 2680 389 2748 feruntur
421 2683 537 2747 similia
569 2693 600 2748 et
634 2704 787 2769 perpauca
820 2689 892 2747 sunt
919 2687 950 2746 et
987 2681 1077 2762 louge
1110 2680 1277 2745 maximam

137 2790 258 2867 partem
281 2807 298 2849 e
320 2785 457 2851 lontibus
474 2786 578 2850 Graeci
592 2787 743 2851 sermonis
760 2787 873 2851 hausta
895 2785 932 2849 cf.
944 2784 1066 2850 Lachm.
1079 2784 1098 2849 l.
1112 2805 1142 2848 n.
1157 2805 1186 2870 p.
1206 2786 1275 2852 163.

226 2892 253 2956 b.
278 2889 560 2974 Monosyllaborum
576 2892 661 2956 brevi
676 2890 776 2956 vocali
797 2889 1089 2975 comprehensorum
1112 2909 1276 2970 quaecum

140 2994 287 3080 correptis
320 2995 483 3075 sequentis·
505 2995 647 3061 dictionis
669 2995 831 3061 vocalibus
862 2982 953 3080 poeta
990 3014 1164 3057 concurrere
1197 2992 1277 3071 fecit,

139 3098 225 3163 nulla
247 3104 348 3162 certae
370 3098 442 3161 fidei
470 3100 613 3185 exempla
635 3098 742 3164 inveni
764 3099 826 3164 nisi
843 3105 975 3182 quatuor
992 3097 1041 3160 his
1057 3096 1132 3162 locis
1147 3097 1277 3176 LXIlII,

142 3204 209 3270 145.
229 3203 306 3268 254.
342 3202 509 3281 LXVllla,
542 3206 593 3270 37.
627 3203 793 3283 LXVHIb,
817 3205 867 3268 87.
914 3201 1056 3266 Totidem
1088 3202 1150 3265 fere
1183 3203 1278 3268 habet
1304 3216 1319 3251 2
1398 3210 1409 3239 ³

138 3307 170 3370 in
194 3308 253 3371 hoc
274 3306 415 3371 elisionis
443 3328 552 3390 genere
584 3307 724 3394 exempla
746 3306 915 3372 Lucretius.
943 3346 980 3354 -
1004 3305 1102 3369 Multo
1125 3326 1197 3371 vero
1220 3306 1276 3369 mi-

137 3429 244 3485 norem
267 3411 437 3476 cautionem
461 3411 604 3478 adhibuit
619 3412 760 3477 Catullus
775 3412 808 3474 in
830 3411 970 3477 brevium
992 3411 1277 3494 monosyllaborum
1347 3455 1350 3463 -

139 3514 297 3580 collisione
321 3537 390 3580 cum
411 3515 511 3581 vocali
533 3516 681 3601 producta
696 3524 731 3580 ut
746 3516 900 3581 docebunt
921 3515 1099 3579 testimonia
1120 3515 1175 3579 illa
1196 3515 1276 3580 loco-

137 3608 254 3702 rumsl,
279 3621 307 3685 5.
329 3619 421 3698 XIII,
446 3624 493 3685 11.
515 3620 586 3699 XV,
613 3624 661 3688 18.
683 3619 837 3697 XXVIII,
861 3622 898 3684 4.-
914 3618 1112 3696 XXXVIIII,
1129 3621 1158 3685 3.
1181 3617 1276 3699 LVII,
1322 3633 1324 3637 ·

138 3727 166 3788 8.
190 3720 289 3800 LXII,
312 3725 362 3787 45.
379 3726 431 3791 56.
454 3746 524 3788 cum
545 3728 658 3789 intereo
680 3714 810 3801 LXIIII,
826 3723 889 3790 305
912 3723 943 3786 iu
967 3723 1064 3808 primo
1086 3721 1164 3808 pede
1186 3724 1276 3788 hexa-

138 3827 240 3907 metri,
275 3826 328 3890 ubi
368 3848 488 3912 perraro
528 3828 613 3892 locus
650 3836 697 3892 est
735 3827 949 3913 synaloephea
973 3847 1060 3912 porro
1095 3825 1186 3904 LXV,
1225 3831 1276 3895 22.

137 3929 327 4010 1111171142.
351 3929 511 4007 LXVllIa,
525 3935 573 3999 16.
596 3931 720 4009 LXXX,
737 3934 768 3999 8.
792 3931 1005 4009 Lxxxvl‚6
1027 3931 1101 3995 item
1122 3930 1155 3994 iu
1178 3933 1279 4018 prima

139 4054 248 4099 versus
272 4031 353 4101 sede.
378 4033 512 4118 denique
535 4038 608 4100 dum
631 4041 730 4098 omniu
752 4035 880 4114 CXIHI,
905 4034 933 4102 5.
958 4072 998 4083 -
1021 4035 1146 4098 Parcior
1176 4036 1278 4111 estin

139 4160 175 4204 eo
216 4160 325 4224 genere
368 4159 428 4223 quo
474 4146 610 4226 correpta
652 4139 860 4224 monosyllabi
905 4139 1018 4205 vocalis
1064 4140 1278 4205 commiscetur

140 4267 209 4309 curn
243 4243 391 4328 producta
426 4244 646 4328 monosyllabi.
712 4243 793 4308 Nam
835 4250 967 4326 quatuor
1017 4251 1137 4308 tantum
1176 4266 1278 4309 exem-

140 4348 202 4433 plis
241 4348 379 4434 syllabas
421 4355 564 4413 coeuntes
607 4349 651 4412 ita
693 4347 779 4412 elisit
822 4347 867 4427 II„
903 4348 930 4415 2.
980 4338 1186 4428 ΧΧΧΧΠΠ,
1227 4354 1274 4417 ll.

789 4488 792 4493 .
1085 4450 1122 4509 5*
1298 4450 1301 4457 ·
