2872 4852
638 258 801 356 1,.Ἰ--..

145 455 308 514 mutarunt
341 470 441 514 errore
471 449 628 516 facillime.
643 450 667 536 ¹)
713 450 857 513 Ceterum
885 451 917 514 in
939 451 996 515 hac
1019 473 1052 515 re
1072 452 1186 518 mirum
1208 476 1281 518 sane

143 562 192 619 est
215 553 298 637 quod
319 554 494 633 LucratiuS,
525 554 721 638 antiquitatis
744 554 1005 633 studiosissimus,
1039 557 1139 621 tribus
1162 568 1281 623 tantum

147 657 300 743 exemplis
332 666 468 722 veterem
503 659 737 743 orthographiae
770 680 884 722 morem
918 659 1080 744 amplexus
1110 670 1158 727 est
1179 663 1282 727 iudice

147 762 353 842 Lachmanno,
377 785 487 829 comm.
510 765 599 828 Lucr.
622 786 652 848 p.
670 764 742 827 244.

232 867 339 950 Neque
377 868 499 932 silendo
537 866 791 953 praetereundum
829 866 952 931 videtur
989 870 1167 951 genetivum
1203 871 1283 954 sing.
1354 854 1357 859 ¹

146 972 305 1038 nominum
329 971 436 1036 111-111
468 972 518 1036 vel
552 971 679 1035 in-ium
703 970 912 1036 desinentium
942 973 1077 1058 exceptis
1107 975 1279 1057 trisyllabis

144 1076 307 1141 vocabulis
341 1076 385 1139 eis
423 1096 552 1159 querum
585 1075 849 1161 antepaenultima
883 1076 984 1142 brevis
1017 1085 1079 1156 est,
1113 1077 1146 1141 iu
1178 1079 1284 1162 liugua

144 1182 268 1246 florenti
301 1181 395 1262 vulgo
428 1171 615 1244 contractum
647 1181 681 1243 in
703 1187 718 1244 a·
738 1180 903 1264 perhiberi.
947 1181 1036 1244 Hunc
1064 1182 1114 1246 sui
1136 1185 1284 1268 temporis

148 1306 238 1349 usum
269 1292 361 1370 poeta
382 1285 571 1349 Veronensis
600 1291 774 1349 constanter
803 1283 963 1369 adoptavit
991 1285 1023 1347 in
1055 1285 1233 1351 nominibus
1256 1295 1285 1351 et

149 1389 284 1474 propriis
301 1398 332 1452 et
349 1389 555 1474 appellativis
579 1411 709 1473 quorum
727 1411 895 1470 enumero,
919 1399 954 1452 111
969 1389 1026 1453 1111
1040 1412 1121 1454 11111
1134 1391 1284 1471 omittam,

146 1492 234 1558 lubet
265 1495 370 1557 afferre
407 1494 452 1557 srli
485 1493 674 1573 XXXVIIII,
710 1497 739 1558 4.
772 1493 828 1558 loti
858 1493 934 1556 ibid.
959 1497 996 1559 ‘21
1033 1495 1094 1557 iam
1126 1495 1164 1557 ab
1196 1494 1285 1558 Italis
1335 1571 1337 1575 Ι

148 1605 327 1676 correctum,
361 1599 464 1682 tuguri
496 1598 596 1683 Priap.
620 1598 793 1677 LXXXVI,
825 1599 844 1661 6
882 1597 969 1682 (olim
995 1598 1059 1664 (lat.
1083 1598 1217 1679 XVIIII,
1240 1599 1283 1682 6).

145 1701 308 1767 Accedunt
336 1703 450 1768 formae
473 1726 583 1769 vocum
605 1703 788 1767 Graecarum
810 1710 965 1786 correptae
988 1703 1100 1785 quibus
1123 1724 1185 1766 non
1207 1703 1284 1766 nulli

147 1806 315 1891 scriptores
351 1809 401 1870 usi
439 1820 512 1873 sunt
542 1830 578 1872 ea
606 1808 686 1890 lege,
717 1814 752 1871 ut
780 1827 843 1870 non
874 1827 933 1868 una
963 1806 1016 1870 sed
1046 1806 1152 1891 plures
1183 1829 1286 1872 morae

147 1910 287 1975 vocalem
298 1911 424 1975 finalem
433 1913 647 1976 antecederent
656 1913 691 1978 cf.
704 1911 829 1975 Lachm.
843 1910 881 1974 ad
892 1911 980 1974 Lucr.
988 1933 1018 1995 p.
1027 1911 1087 1975 327
1092 1963 1099 1976 .
1112 1911 1287 1975 Gorssen.H

148 2037 180 2100 p.
206 2016 267 2079 697
292 2034 337 2096 sq.
376 2015 442 2080 Hoc
474 2016 564 2079 modo
597 2015 735 2079 Catullus
766 2014 847 2078 dixit
877 2015 1019 2097 gymnasi
1049 2014 1160 2091 LXIII,
1185 2014 1286 2080 6411.

147 2120 251 2184 Plaut.
275 2119 384 2185 Bacch.
409 2122 482 2186 427.
507 2129 538 2183 et
560 2118 701 2203 conchyli
723 2118 847 2196 LXIIII,
869 2120 910 2181 49
936 2125 970 2180 11
990 2118 1099 2181 Lueret
1113 2118 1168 2194 VI,
1195 2119 1287 2184 1074.

149 2225 312 2289 Praeterea
334 2224 427 2288 haece
443 2225 508 2287 eius
531 2223 616 2287 modi
631 2223 853 2289 vocabulorum
875 2223 992 2285 formae
1007 2221 1142 2302 genetivi
1158 2229 1287 2302 coactae,

151 2328 254 2411 qualis
276 2328 308 2391 111
331 2334 464 2411 menapi
485 2349 605 2414 semper
626 2335 804 2392 conservata
827 2333 883 2406 est,
907 2325 1001 2389 etiam
1027 2325 1126 2410 poetis
1149 2328 1288 2408 Augusto

150 2432 332 2516 aequalibus
368 2432 502 2496 maxime
539 2433 705 2496 familiares
740 2439 813 2496 sunt
843 2432 902 2495 nisi
939 2429 1020 2514 quod
1050 2429 1227 2515 Propertius
1259 2437 1290 2493 11

152 2536 285 2602 Ovidius
330 2537 427 2621 primi
472 2545 572 2601 vetere
609 2558 695 2601 more
732 2536 869 2620 neglecto
907 2534 1077 2620 pleniorem
1122 2534 1291 2598 terminum

151 2641 374 2721 adhibuerunt,
404 2641 436 2705 id
465 2642 545 2726 quod
576 2640 694 2705 dudum
723 2639 901 2705 observavit
922 2639 1083 2703 Bentleius
1107 2637 1145 2701 ad
1168 2638 1289 2702 Terent.

152 2745 249 2811 Andr.
273 2745 346 2811 320.

210 2869 213 2874 ’
240 2853 269 2917 3.
302 2849 336 2912 ln
370 2849 465 2913 dandi
488 2871 561 2913 casu
588 2850 685 2912 semel
709 2847 821 2911 Graece
849 2847 935 2910 flexit
956 2846 1039 2910 Pelei
1062 2845 1192 2923 LXllIl,
1216 2847 1290 2925 382,

154 2975 223 3018 cum
257 2954 333 3018 ibid.
363 2954 425 3018 336
453 2955 528 3018 item
558 2955 591 3017 in
620 2959 756 3016 extremo
784 2973 876 3016 versu
905 2952 992 3014 Peleo
1020 2951 1129 3014 Latine
1160 2951 1291 3016 scribere

155 3059 272 3126 maluit.
312 3057 454 3122 Alterum
485 3057 568 3121 enim
605 3057 688 3139 quod
720 3056 752 3119 in
785 3056 972 3120 edItionibus
1006 3055 1165 3140 prioribus
1197 3055 1289 3139 vulgo

156 3163 366 3227 circumfertur
397 3162 573 3247 exemplum
603 3162 729 3226 Callisto
751 3160 861 3238 LXVI,
892 3161 933 3224 66
961 3160 1005 3224 ita
1027 3159 1166 3223 ’Callisto
1189 3160 1291 3223 iuncta

154 3268 327 3351 Lycaoniae
353 3268 401 3330 ool
428 3265 610 3349 Lycaonidi‘
639 3286 700 3329 non
727 3265 829 3330 solum
860 3265 1044 3349 optimorum
1068 3263 1209 3327 codicum
1230 3263 1292 3326 fide

154 3392 281 3456 prorsus
304 3377 403 3450 caret,
435 3369 489 3434 sed
516 3370 684 3435 verendum
706 3369 799 3433 etiam
822 3376 878 3448 est,
900 3389 939 3431 ne
961 3374 1066 3432 contra
1087 3367 1188 3431 Servii
1211 3367 1294 3432 testi·

154 3479 293 3539 monium
327 3475 363 3538 ad
396 3475 472 3541 Aen.
499 3474 570 3555 VII,
603 3476 666 3538 324
698 3475 752 3557 qui
784 3473 834 3536 his
871 3471 1031 3537 vocabulis
1069 3471 1152 3535 11-1
1186 3471 1292 3534 missis

157 3580 299 3644 dativum
323 3578 429 3644 deesse
452 3578 548 3642 tradit
569 3616 611 3624 —
635 3579 666 3641 id
689 3577 772 3662 quod
793 3586 954 3662 poetarum
977 3575 1108 3639 aliorum
1131 3596 1206 3638 usus
1222 3579 1292 3639 con-

156 3684 426 3749 firmat-temere
441 3683 475 3746 in
488 3684 600 3747 Catulli
616 3684 710 3747 verba
726 3683 820 3747 talem
835 3684 964 3746 formam
979 3678 1157 3744 inferamus.
1181 3681 1247 3757 Qua
1261 3701 1294 3743 11

156 3788 279 3853 videtur
300 3788 515 3852 Lachmannus
547 3795 648 3853 motus
676 3787 786 3864 fuisse,
816 3792 851 3849 ut
872 3805 942 3848 cum
965 3783 1121 3866 Scaligero
1144 3783 1295 3847 librorum

226 4070 250 4137 l)
276 4071 358 4138 Saepe
377 4070 479 4138 quidem
506 4083 614 4122 numero
631 4066 727 4119 factum
745 4069 797 4131 est,
815 4069 845 4118 ut
863 4081 921 4117 eum
938 4066 966 4117 in
983 4065 1034 4118 fine
1051 4079 1173 4119 versuum
1191 4068 1247 4116 tum
1266 4064 1294 4116 iu

158 4159 231 4212 exitu
260 4158 441 4211 vocabulorum
469 4156 479 4203 i
503 4157 589 4209 1111111
616 4153 745 4207 decideret
772 4153 825 4204 sive
853 4152 920 4204 mala
942 4153 1109 4205 festmatione
1133 4152 1186 4204 sive
1209 4165 1295 4202 errore

158 4247 334 4310 librariorum,
353 4249 383 4297 11
401 4252 461 4310 pote
480 4244 525 4309 qui
543 4246 647 4310 propter
660 4241 814 4307 scripturam
831 4240 942 4307 exempli
955 4240 1112 4292 Veronensis
1121 4238 1194 4290 unde
1206 4251 1295 4288 omnes

160 4334 219 4386 libri
238 4332 378 4386 Catulliani
391 4329 515 4394 originem
528 4330 670 4392 traxerunt,
689 4327 776 4393 paullo
789 4325 959 4379 difficiliorem
972 4320 1016 4394 (cf.
1030 4324 1159 4387 Schwabe,
1173 4323 1200 4374 11
1213 4320 1294 4388 praef.

159 4420 219 4472 edit.
233 4436 257 4487 p.
272 4417 344 4485 XVI)
364 4417 475 4485 plurima
488 4431 563 4482 prave
581 4413 690 4482 legendo
709 4414 770 4467 vitia
789 4414 984 4466 committerent.

1129 4498 1156 4548 ‘2
