2872 4852
692 174 733 238 56

150 384 205 446 pre
222 369 362 446 correpta
385 362 535 428 adhibuit.
566 362 716 446 Exempla
731 362 812 424 enim
837 362 912 425 haec
934 369 1018 454 sunt:
1042 365 1172 426 alterans
1190 363 1287 428 bisin

150 467 256 531 eodem
292 487 385 530 versu
417 467 561 530 carminis
586 466 799 545 lxxviii-2
832 488 887 529 nec
918 467 1040 551 saepius
1074 467 1108 530 in
1136 467 1289 552 dactylico

150 593 278 635 numere
311 570 542 655 productionem
574 570 660 634 illius
692 571 835 634 vocabuli
870 571 984 655 quippe
1012 593 1050 634 ne
1074 571 1200 634 creticus
1225 573 1287 649 fiat,

151 676 276 740 omuino
299 682 470 759 respuente.
525 675 618 739 Perre
650 675 738 738 brevi
772 675 872 759 priore
905 678 996 738 illatos
1024 674 1138 757 ubique
1167 683 1289 760 praeter

149 779 274 856 LXVII,
299 781 340 845 23
363 800 419 842 nec
441 778 530 841 aliter
546 781 649 843 allius
672 785 887 860 opsideremus
909 785 1007 842 acratas
1023 779 1102 842 etin
1118 800 1176 862 quc
1196 781 1289 862 vulgo

149 883 183 946 fit
205 888 377 966 clarasque
398 882 554 961 lxvius,
580 883 630 948 39.
662 882 707 945 lle
730 883 861 946 aliorum
885 891 1044 967 poetarum
1066 905 1126 947 usu
1141 884 1178 951 cf.
1198 884 1289 948 Nevii

148 1007 273 1070 gramm.
298 987 351 1049 lat.
369 986 409 1053 ll.
426 1010 456 1072 p.
472 989 532 1052 18⁶2
548 1008 592 1070 sq.
612 989 671 1052 186
688 995 718 1050 et
733 987 941 1051 Beuterwelrii
956 988 1039 1050 hucr.
1053 988 1174 1063 Quaest.
1192 1011 1219 1072 p.
1238 991 1288 1056 19.

235 1089 351 1154 Eodem
375 1092 487 1155 referas
511 1091 584 1154 licet
607 1091 757 1155 vocabula
780 1112 795 1153 e
820 1091 933 1154 Graece
962 1113 1102 1154 sermono
1125 1093 1290 1178 desumpta

150 1215 320 1277 quaecum
344 1195 386 1258 ibi
410 1195 630 1280 producantur,
662 1194 745 1280 apud
769 1196 900 1259 Latinos
924 1196 1089 1277 aliquando
1113 1196 1205 1259 etiam
1227 1217 1290 1261 cor-

148 1305 235 1384 repta
266 1298 418 1380 leguntur.
464 1299 515 1364 Sic
543 1299 686 1363 Catullus
709 1324 724 1362 a
749 1301 835 1365 brevi
870 1300 949 1364 dixit
980 1320 1085 1364 vocem
1108 1287 1228 1382 plateae
1255 1301 1288 1363 in

148 1402 403 1486 hendecasyllabo
428 1403 496 1481 XV,
521 1405 555 1467 7:
594 1404 680 1483 ,istos
714 1407 768 1486 qui
800 1404 832 1466 in
863 1405 964 1489 platea
995 1404 1084 1469 modo
1108 1404 1168 1468 huc
1198 1406 1289 1469 modo

152 1507 234 1570 illuc‘
267 1515 338 1592 pest
370 1529 500 1591 eumque
530 1508 605 1571 item
636 1508 742 1571 Horat.
771 1508 824 1593 Ep.
852 1508 892 1581 ll.
918 1512 946 1574 2.
979 1512 1033 1574 71:
1076 1531 1181 1594 ‚purae
1215 1518 1290 1574 sunt

148 1611 284 1697 plateae,
318 1611 397 1675 nihil
427 1619 462 1675 ut
488 1611 711 1675 meditantibus
746 1614 865 1677 obstet‘.
916 1613 963 1675 Ad
999 1613 1185 1698 primitivam
1216 1635 1288 1677 vero

147 1735 323 1778 mensuram
340 1715 448 1778 Gracci
471 1715 606 1779 nominis
629 1736 683 1800 per
706 1715 929 1799 diphthongum
954 1742 979 1782 er
1004 1718 1110 1802 scripti
1132 1717 1290 1781 redierunt

151 1840 189 1882 ex
219 1819 393 1883 christianis
420 1820 518 1904 poetis
554 1820 710 1884 Ausonius
741 1820 926 1884 Prudentius
961 1821 1109 1886 Paulinus
1143 1821 1285 1886 Nolanus

148 1929 293 1988 monente
323 1922 437 1987 Orellio
468 1925 507 1986 ad
539 1925 613 1988 Hor.
637 1924 656 1990 l.
682 1946 709 1986 n.
749 1926 888 1988 Alterum
918 1925 997 2007 quod
1027 1948 1098 1989 cum
1129 1926 1289 2010 superiora

148 2029 277 2093 conferri
301 2035 403 2114 potest
431 2030 609 2115 exemplum
643 2037 690 2092 cst
712 2030 909 2114 Hyperborei
930 2029 1022 2107 CXV,
1047 2032 1081 2094 6:
1120 2051 1227 2113 ‚usquc
1250 2031 1290 2094 ad

148 2134 362 2219 Hyperboreos
386 2140 416 2198 et
436 2155 520 2197 mare
543 2133 581 2196 ad
605 2133 781 2197 Oceanum‘.
816 2135 1008 2217 Quamquam
1031 2134 1088 2198 hoo
1107 2134 1292 2198 vocabulum

149 2237 232 2320 quod
256 2238 364 2303 Graeci
380 2248 410 2301 et
428 2259 482 2322 per
495 2263 521 2302 er
538 2246 568 2301 et
590 2259 643 2321 per
659 2237 835 2315 ascribunt,
860 2244 965 2322 poetae
982 2239 1085 2302 Latini
1103 2238 1290 2325 diphthongo

153 2342 267 2406 Graeca
292 2341 385 2424 vulgo
409 2348 575 2405 extenuata
598 2341 744 2405 videntur
767 2342 931 2426 protulisse
955 2343 992 2405 cf.
1018 2343 1125 2406 luven.
1146 2344 1197 2422 vl,
1215 2346 1289 2409 470.

154 2447 215 2512 Sed
248 2447 281 2509 in
312 2449 417 2510 choreo
450 2445 532 2528 quod
557 2445 633 2509 item
657 2445 780 2509 Graecis
812 2455 968 2532 acceptum
991 2448 1139 2526 referunt,
1168 2469 1290 2534 semper

151 2551 284 2637 priorem
316 2550 469 2635 syllabam
501 2550 676 2636 producunt
708 2557 742 2613 ut
776 2550 885 2615 docent
914 2551 978 2614 Cat.
1002 2551 1130 2631 nxlssl,
1164 2554 1225 2618 287
1258 2561 1289 2617 et

146 2656 251 2720 Horat.
276 2655 375 2720 Carm.
400 2654 475 2734 llll,
499 2656 529 2733 6,
556 2655 593 2719 15
618 2655 670 2738 (cf.
696 2655 818 2718 Lachm.
844 2676 953 2718 comm.
977 2656 1066 2720 Lucr.
1090 2678 1119 2741 p.
1146 2658 1233 2741 159).

232 2760 375 2824 Ceterum
404 2783 419 2824 e
447 2760 585 2823 litteram
615 2779 677 2841 qua
698 2759 790 2823 tertia
815 2780 943 2843 persona
970 2760 1051 2844 plur.
1075 2760 1138 2824 ind.
1162 2763 1204 2846 pl.
1230 2770 1289 2825 act.

153 2864 260 2928 finitur
299 2884 453 2947 quamque
482 2870 589 2949 poetae
623 2864 766 2948 dactylici
796 2863 826 2925 in
864 2864 973 2948 primis
1010 2864 1170 2928 Lucretius
1202 2866 1290 2949 (vide

150 2968 284 3031 Kuehnii
309 2989 358 3050 qu.
382 2969 471 3031 Lucr.
495 2989 524 3052 p.
549 2967 605 3051 36)
630 2967 713 3030 haud
736 2988 806 3031 raro
828 2968 996 3052 corripiunt
1018 2968 1057 3031 ad
1085 2968 1287 3034 devitandum

148 3073 295 3136 creticum
332 3071 435 3134 versui
473 3072 595 3135 heroico
641 3073 795 3156 ineptum,
844 3071 984 3135 Catullus
1021 3073 1078 3137 hac
1120 3073 1185 3157 lege
1221 3096 1289 3139 sese

151 3177 316 3242 obstrinxit
336 3183 372 3240 ut
394 3183 568 3239 constanter
590 3176 771 3261 productam
796 3184 940 3240 servaret.

233 3281 301 3345 Iam
323 3279 440 3344 accedit

231 3392 262 3470 β.
287 3385 446 3467 longarum
480 3384 635 3449 vocalium
666 3385 698 3447 in
738 3386 798 3448 fine
831 3386 990 3448 nominum
1020 3385 1179 3470 correptio.
1223 3388 1290 3462 Quo

147 3491 181 3554 in
203 3510 313 3572 genere
340 3489 473 3574 primurn
501 3489 628 3571 quidem
658 3489 966 3554 animadvertendum
990 3495 1037 3553 est
1058 3488 1195 3553 litteram
1217 3511 1236 3551 a
1259 3491 1291 3554 in

145 3596 246 3680 prima
268 3593 470 3658 declinatione
492 3592 623 3657 finalem
645 3593 777 3679 pondere
799 3614 854 3656 suo
871 3593 1031 3678 paullatim
1047 3592 1122 3657 adeo
1138 3593 1291 3679 privatam

148 3721 217 3763 esse
235 3698 268 3761 in
283 3704 442 3784 poetarum
459 3718 607 3777 sermone,
631 3706 666 3761 ut
681 3719 777 3783 pauca
793 3698 918 3782 quidem
934 3719 1027 3781 eaque
1043 3698 1073 3760 in
1092 3698 1214 3761 Graecis
1238 3721 1291 3784 po·

147 3803 306 3867 tissimum
337 3801 499 3865 vocabulis
527 3801 725 3867 inveniantur
748 3803 861 3866 veteris
884 3802 1116 3865 consuetudinis
1138 3803 1289 3888 exempla.

149 3907 215 3971 Hoc
237 3905 327 3970 modo
352 3905 493 3971 Catullus
525 3907 611 3971 velut
638 3907 669 3969 in
698 3906 769 3970 aliis
792 3907 931 3970 lucilius
959 3907 1120 3970 Lucretius
1143 3906 1291 3970 Horatius

148 4017 289 4095 correpta
324 4010 435 4075 ultima
462 4011 541 4074 dixit
564 4013 706 4075 Pasithea
742 4012 773 4074 in
805 4010 967 4094 galliamho
990 4009 1102 4088 LXlll,
1132 4013 1191 4076 43:
1225 4017 1291 4089 ,tre-

148 4116 273 4201 pidante
289 4137 360 4179 eum
376 4116 490 4201 recepit
503 4116 560 4179 dea
574 4115 719 4180 Pasithea
733 4115 825 4193 sinn‘,
850 4137 920 4178 cum
931 4115 1049 4179 Statius
1061 4114 1157 4178 Theb.
1168 4114 1210 4190 ll,
1226 4115 1291 4181 286

146 4221 180 4282 in
204 4220 310 4285 eodem
340 4220 464 4284 nomine
487 4219 705 4284 Graecanicam
731 4220 847 4284 maluit
875 4220 1077 4302 quantitatem
1106 4219 1193 4302 sequi
1217 4219 1291 4283 scri-

148 4324 247 4388 bendo
270 4324 330 4388 ita:
355 4345 427 4404 ‚non
448 4325 506 4388 hoc
528 4324 675 4389 Pasithea
696 4324 882 4389 blandarum
903 4323 1005 4409 prima
1027 4328 1183 4388 sororum‘.
1226 4322 1290 4387 Nec
