2872 4852
756 148 795 212 18

203 339 357 402 bonorum
379 343 472 401 1111111
495 336 658 400 lectionem
680 337 825 402 retineret
844 343 875 402 et
897 357 952 423 prc
967 339 1121 419 Lycaona
1142 337 1334 402 emendatius

198 441 372 523 Lycaonem
395 440 552 519 scriberet,
575 441 634 505 etsi
659 463 719 505 non
747 441 879 506 diffiteor
894 441 991 505 multo
1008 442 1105 525 magis
1120 442 1200 506 mihi
1214 442 1334 528 placere

200 545 381 608 Rossbachii
414 543 493 608 illud
524 545 618 609 ’iuxta
639 546 835 628 Lycaoniam‘
863 546 903 610 ad
933 547 1111 631 exemplum
1139 545 1335 624 Callimachei

197 649 230 711 in
252 647 321 714 va.
337 651 377 714 41
395 646 583 738 Λυκαονίης
608 646 748 736 11111111.
766 686 807 697 -
823 651 915 715 Pcrrc
934 649 1073 714 eiusdem
1088 671 1176 714 casus
1190 651 1334 714 suffixum

197 758 213 815 i
232 754 397 818 verborum
419 753 597 817 Latinorum
630 773 708 835 quae
739 754 821 836 leges
853 754 1123 820 U·declinaticnis
1151 761 1333 836 sequuntur,

196 864 305 921 notum
335 864 383 922 est
412 856 492 942 apud
526 857 690 942 scriptores
724 860 858 944 optimos
889 859 1071 944 plerumque
1101 858 1253 944 supprimi
1278 859 1333 942 (l.

197 962 291 1026 etiam
322 962 398 1026 Gall.
422 961 477 1039 IV,
503 962 567 1046 16).
618 960 680 1026 Nec
713 962 857 1026 dissentit
885 965 924 1028 ab
957 963 1005 1027 his
1029 962 1168 1026 Catullus
1198 963 1252 1044 qui
1284 962 1332 1026 bis

196 1067 300 1151 posuit
329 1073 417 1131 coetu
440 1065 572 1145 LXIIII,
604 1066 852 1143 3811111111,
882 1067 938 1131 37:
969 1088 1041 1130 nam
1068 1066 1239 1131 consimilis
1262 1067 1334 1130 huic

197 1170 295 1233 forma
317 1172 406 1235 lacta
429 1190 522 1253 quam
545 1170 715 1235 lrcrvissius
738 1171 777 1235 ad
800 1171 953 1238 Chariton.
977 1193 1008 1255 p.
1027 1173 1092 1238 263
1114 1177 1185 1255 post
1203 1192 1335 1253 eumque

198 1273 350 1357 Bergkius
373 1275 405 1338 in
421 1275 552 1353 LXIIII‚
571 1278 632 1341 247
650 1274 845 1341 scribendam
861 1295 928 1339 esse
948 1280 1134 1360 putaverunt
1148 1275 1192 1338 ita
1208 1274 1334 1357 quidem

197 1377 292 1461 ’quali
313 1378 452 1442 Minoida
482 1379 576 1443 1111111ι
600 1400 646 1464 sq.
671 1379 815 1465 pluribus
844 1379 881 1442 de
904 1378 1005 1443 causis
1028 1399 1106 1463 quas
1128 1379 1210 1442 infra
1231 1378 1336 1463 aptius

199 1481 423 1566 explicabimus
447 1483 534 1548 nobis
557 1483 773 1569 improbabilis
795 1482 927 1550 videtur.

282 1586 312 1652 4.
342 1587 408 1651 lam
436 1587 474 1651 de
505 1588 678 1653 accusativo
706 1595 737 1652 11
772 1587 906 1651 ablativo
951 1587 1058 1651 tertiae
1095 1607 1174 1669 quae
1210 1593 1337 1652 vocatur

197 1688 411 1755 declinationis
448 1699 484 1755 ut
521 1691 614 1756 simul
651 1713 793 1775 agamus,
831 1691 1061 1776 comprehendit
1097 1691 1172 1755 haec
1208 1691 1336 1773 quidem

195 1795 322 1859 nomina
350 1816 481 1879 quorum
511 1796 622 1881 stirpes
652 1796 685 1859 in
708 1803 723 1860 i
743 1795 793 1860 vel
827 1796 861 1858 in
894 1815 1058 1859 consonam
1089 1802 1202 1859 exeunt
1234 1816 1334 1879 neque

199 1898 225 1963 si
254 1899 387 1964 Graecae
416 1899 539 1983 linguae
566 1900 806 1964 similitudinem
841 1900 1020 1977 contuleris,
1051 1899 1111 1962 ulli
1144 1899 1334 1964 dubitationi

197 2003 366 2068 obnoxium
396 2011 444 2068 est
480 2005 557 2088 quin
595 2005 707 2069 talium
736 2007 904 2069 verborum
935 2003 1130 2068 accusativus
1161 2003 1263 2067 iustus
1299 2025 1335 2068 ac

196 2106 374 2191 primitivus
408 2109 521 2172 in-im
555 2109 705 2173 formatus
739 2109 816 2172 clim
847 2108 948 2188 luerit,
981 2107 1160 2193 praesertim
1183 2129 1251 2171 cum
1273 2129 1336 2173 non

198 2210 283 2275 nulla
298 2218 417 2277 restent
427 2213 577 2277 uocabula
591 2235 647 2299 per
663 2213 767 2276 omnia
782 2212 905 2276 saecula
918 2213 976 2276 hac
990 2210 1203 2276 terminatione
1217 2211 1334 2277 affecta.

198 2312 263 2390 Quo
287 2337 324 2379 ex
346 2337 454 2400 genere
476 2317 510 2381 in
525 2316 713 2381 carminibus
730 2315 843 2381 Catulli
857 2315 998 2398 leguntur
1013 2315 1124 2379 tussim
1139 2315 1334 2395 XXXXIIII,

199 2421 229 2482 7.
262 2421 310 2485 19.
348 2420 489 2506 Sarapim
522 2421 560 2499 X,
595 2423 635 2485 26
668 2423 704 2485 cf.
737 2418 870 2484 Martial.
892 2420 998 2498 VIIII,
1033 2420 1127 2487 29.6
1158 2427 1189 2484 et
1222 2421 1336 2484 Graeca

196 2522 328 2588 flexione
347 2525 438 2589 Attin
453 2525 567 2604 LXIII,
591 2527 642 2592 42.
659 2525 709 2591 88.
728 2523 782 2588 sed
798 2524 931 2590 Macrcb.
956 2524 1019 2591 Sat.
1037 2524 1063 2602 I,
1080 2525 1132 2604 21,
1149 2525 1334 2591 7111111111.

195 2625 281 2692 Haec
312 2631 340 2692 si
370 2637 451 2695 recte
486 2630 641 2716 disputata
666 2636 754 2708 sunt,
788 2649 851 2692 non
880 2628 1064 2692 mirabimur
1088 2628 1170 2712 quod
1193 2628 1335 2694 Catullus

197 2753 267 2796 cum
295 2753 400 2797 eorum
430 2733 588 2798 nominum
622 2741 690 2798 tum
712 2733 845 2797 aliorum
867 2733 1040 2797 ablativum
1061 2732 1146 2796 haud
1168 2754 1238 2798 rarc
1259 2733 1336 2797 in-i

204 2836 391 2902 conformare
414 2837 473 2901 sibi
496 2838 654 2903 concessit.
685 2837 828 2902 Sincerae
852 2839 934 2901 enim
955 2836 1088 2902 ablativi
1109 2837 1336 2901 terminationis

201 2959 281 3022 quac
312 2947 359 3005 est
389 2943 424 3004 a'd
452 2963 488 3005 ex
519 2944 569 3005 eid
595 2941 734 3027 prosecta
757 2942 810 3025 (cf.
835 2942 1002 3006 Ccrssenus
1025 2941 1041 3004 I
1063 2963 1093 3027 p.
1118 2942 1180 3005 204
1204 2963 1248 3025 sq.
1273 2941 1335 3004 734

200 3063 266 3127 sqq.
292 3044 325 3107 II
347 3066 376 3129 p.
400 3045 480 3129 462)
514 3044 617 3110 littera
649 3048 670 3108 d
699 3044 779 3128 quod
812 3044 943 3111 ablativi
974 3045 1096 3130 signum
1123 3050 1171 3110 est
1192 3045 1336 3110 omuibus

198 3147 458 3214 declinationibus
491 3151 530 3214 ab
563 3148 653 3213 initio
682 3170 857 3229 commune,
888 3150 1083 3214 nascentibus
1105 3148 1215 3214 litteris
1236 3150 1335 3232 magis

197 3253 356 3338 magisque
393 3259 510 3319 remota
546 3258 594 3317 111
630 3259 661 3317 11
696 3258 852 3338 postremo
889 3254 1013 3318 omnino
1050 3251 1162 3317 decidit
1190 3253 1295 3318 relicta
1323 3260 1339 3317 i

194 3357 412 3423 terminatione
435 3357 467 3420 in
490 3365 571 3422 certo
599 3356 732 3440 quodam
760 3378 869 3440 genere
890 3358 1108 3422 vocabulorum
1138 3357 1233 3422 etiam
1254 3379 1336 3422 nunc

197 3460 370 3546 perspicua,
395 3484 465 3526 cum
487 3461 519 3524 in
542 3460 613 3524 aliis
635 3461 816 3547 plerumque
830 3461 865 3525 in
880 3485 895 3526 e
909 3483 1001 3526 versa
1022 3462 1070 3526 sit.
1089 3461 1200 3545 Itaque
1215 3468 1335 3547 praeter

198 3566 330 3631 usitatas
363 3566 440 3637 illas
478 3565 592 3630 formas
626 3564 725 3628 securi
756 3564 858 3646 XVII,
899 3568 939 3632 19
968 3572 1000 3630 11
1029 3565 1129 3652 puppi
1156 3565 1287 3647 LXIIII,
1315 3569 1335 3632 6

199 3669 340 3736 Catullus
362 3669 419 3734 has
442 3669 503 3735 sibi
525 3668 680 3755 permisit:
703 3669 800 3752 ungui
821 3669 918 3751 LXII,
942 3670 984 3734 43
1007 3670 1046 3736 cf.
1067 3671 1173 3737 Horat.
1197 3669 1253 3737 Cd.
1274 3670 1334 3749 III,

197 3776 235 3853 6,
251 3776 302 3841 24.
320 3774 414 3838 classi
429 3772 539 3851 LXVI,
561 3774 604 3839 46
620 3779 651 3837 et
666 3771 804 3852 LXIIIl,
828 3775 891 3841 212
906 3773 967 3838 nisi
989 3772 1071 3857 quod
1086 3773 1153 3839 lccc
1167 3776 1335 3860 posteriore

197 3883 341 3962 excerpta
371 3877 522 3942 Minturni
554 3886 652 3942 111111
682 3879 814 3943 offerunt
840 3898 859 3941 a
879 3878 989 3942 multis
1011 3878 1214 3963 approbatum
1236 3886 1267 3943 11
1288 3900 1334 3944 11-

200 3989 330 4067 ceptum.
386 3981 487 4045 Huius
530 3981 655 4064 quidem
692 3981 832 4048 lectionis
869 3982 1033 4047 auctoritas
1068 3983 1095 4047 si
1131 3983 1334 4064 examinatur,

196 4085 331 4150 multum
364 4105 437 4149 sane
458 4085 552 4149 habet
573 4106 635 4169 quc
651 4085 896 4151 commendetur:
919 4086 1062 4150 Minerva
1084 4087 1167 4151 enim
1183 4107 1262 4169 quac
1284 4089 1335 4154 hic

197 4187 397 4271 intelligitur,
421 4189 538 4275 optime
564 4197 647 4254 cacto
673 4190 854 4276 appellatur.
899 4189 1014 4255 Vereor
1035 4198 1154 4271 tamen,
1177 4211 1216 4255 ne
1239 4191 1336 4258 altera

196 4292 334 4357 codicum
374 4292 712 4379 praestantissimorum
749 4295 901 4381 scriptura
935 4296 1031 4359 classi
1058 4294 1085 4358 si
1111 4314 1168 4380 pro
1195 4303 1336 4382 corrupta
