2872 4852
670 216 712 284 63

125 432 154 495 p.
173 411 263 494 304).
287 447 326 457 -
351 409 421 472 Jam
443 405 517 472 huic
537 409 760 494 praepositioni
774 409 934 495 aptissime
949 407 1127 492 adiungitur
1141 406 1179 473 de
1194 428 1262 495 par·

124 513 221 577 ticula
243 537 276 577 re
298 514 332 577 in
363 513 583 598 compositione
606 514 770 579 verborum
800 512 991 599 disceptatio.
1038 512 1123 577 Illud
1146 513 1263 577 scilicet

124 619 295 703 praefixum
320 619 406 682 cuius
428 617 561 701 genuina
582 621 651 682 re'd
673 619 771 683 forma
786 639 938 700 nusquam
955 617 1090 704 amplius
1112 619 1263 703 reperitur

126 723 178 806 (of.
203 722 302 788 Corsa.
327 723 357 785 II
379 744 410 807 p.
425 722 505 806 466)
529 721 646 806 duplici
668 722 759 787 modo
783 730 954 808 correptum
976 722 1059 807 apud
1081 729 1187 808 poetas
1211 743 1262 806 ap-

127 835 222 910 paret,
246 833 336 911 prout
365 848 383 889 a
405 826 506 892 vocali
528 827 578 890 vel
599 830 619 888 1
641 834 695 891 aut
716 848 735 890 a
757 847 890 890 consona
911 826 1020 911 incipit
1041 846 1097 891 vos
1120 847 1262 910 sequens.

124 933 205 994 Ante
228 931 298 993 illas
336 929 462 1012 quidem
496 929 600 994 literas
627 932 658 994 in
681 927 745 995 re'd
772 931 933 1010 breviatur,
957 951 1064 994 rursus
1085 931 1142 994 hac
1165 952 1263 994 succo-

126 1036 217 1099 dente
249 1035 384 1120 speciem
414 1030 452 1097 νέ
478 1035 673 1098 imminutam
697 1036 874 1120 assumpsit.
921 1036 969 1100 Ab
992 1035 1050 1098 hoc
1071 1056 1156 1099 more
1180 1035 1264 1099 solus

127 1140 209 1202 inter
239 1138 408 1224 dactylicos
443 1139 595 1224 discrepat
617 1139 777 1203 Lucretius
811 1139 864 1223 qui
886 1139 926 1202 ad
949 1139 1104 1225 exemplar
1124 1147 1264 1204 veterum

129 1244 313 1308 comicorum
346 1244 531 1326 aliquotiens
564 1244 625 1309 sibi
667 1244 809 1329 permisit
837 1245 939 1308 brevis
971 1243 1112 1328 syllabae
1154 1244 1265 1329 produ·

132 1345 262 1409 ctionem
285 1348 442 1428 geminata
464 1347 589 1432 quidem
611 1349 742 1434 proximi
764 1349 852 1415 verbi
875 1355 1057 1413 consonante
1080 1349 1116 1411 11.
1141 1347 1264 1412 Bouter-

128 1449 193 1511 welr
217 1450 237 1514 1.
255 1473 280 1515 c.
304 1474 332 1536 p.
351 1454 392 1517 22
416 1473 461 1535 sq.
509 1452 595 1530 Quod
630 1474 698 1516 cum
727 1474 746 1517 a
773 1473 806 1515 se
828 1472 889 1516 non
912 1453 1088 1537 impetraret
1110 1455 1261 1534 Catullus,

127 1554 246 1637 primus
270 1555 489 1640 dactylicorum
511 1557 572 1621 luit
591 1557 645 1640 qui
668 1557 701 1620 in
723 1557 815 1622 huius
836 1556 920 1621 modi
937 1559 1115 1641 compositIs
1129 1580 1185 1642 pro
1202 1580 1263 1622 eor-

126 1664 214 1742 repta
245 1679 366 1745 semper
402 1662 566 1746 usurpavit
598 1685 631 1725 re
668 1661 848 1746 particulam
885 1661 1013 1744 eiusque
1051 1663 1262 1727 auctoritatem

128 1784 234 1827 omues
257 1765 403 1829 videntur
425 1767 521 1829 secuti
541 1787 609 1829 esse
625 1768 660 1831 cf.
679 1766 741 1845 LV,
761 1769 808 1830 Il.
832 1765 971 1846 LXXVI,
997 1770 1032 1830 ll
1058 1789 1114 1830 neo
1136 1788 1195 1831 non
1219 1792 1263 1832 re-

126 1869 210 1931 latas
236 1868 344 1946 XXII,
375 1872 394 1933 6
431 1870 514 1951 quod
546 1871 646 1955 prima
680 1870 809 1934 adaucta
840 1876 936 1934 metro
970 1871 1122 1935 concessit
1153 1870 1263 1935 Lucre-

126 1971 189 2036 tius
216 1972 262 2050 Il,
300 1977 391 2040 1001.
424 2014 467 2022 -—
497 1976 540 2038 At
573 1974 685 2039 detrita
718 1996 778 2038 usu
814 1973 869 2037 illa
905 1976 1015 2056 relr'yr'o
1045 1981 1075 2039 11
1112 1977 1265 2058 reliquiae

126 2097 238 2158 magna
259 2077 411 2142 fluctuant
433 2078 612 2143 diversitate
641 2078 812 2163 scripturae
843 2098 904 2142 nou
932 2078 1032 2160 magis
1054 2079 1088 2141 in
1109 2078 1265 2143 codicibus

126 2202 216 2263 quam
240 2182 272 2244 in
295 2183 490 2248 editionibus
522 2184 651 2247 Brevem
667 2183 701 2245 in
723 2182 772 2246 his
795 2181 939 2268 primitus
962 2182 1059 2246 fuisse
1081 2182 1264 2267 particulam

125 2285 291 2349 manifesta
321 2286 480 2350 declarant
512 2287 545 2350 in
576 2286 666 2352 libris
702 2293 843 2351 veterum
877 2293 1034 2370 poetarum
1070 2287 1198 2369 vestigia
1226 2287 1263 2352 cf.

127 2389 268 2453 Corssen.
291 2390 322 2453 II
344 2393 513 2475 pedesq.
560 2390 676 2466 Quodsi
702 2410 860 2473 nunquam
883 2388 1024 2473 dactylici
1059 2391 1119 2455 nisi
1152 2392 1264 2476 produ-

127 2501 208 2558 ctam
225 2493 423 2574 admisceant,
447 2487 545 2560 causa
560 2496 653 2560 huius
675 2496 722 2559 rei
745 2495 821 2560 satis
844 2495 1009 2580 perspicua
1031 2503 1078 2559 est
1100 2517 1197 2580 neque
1220 2497 1264 2560 in-

127 2599 210 2683 diget
232 2599 454 2684 explicationis.
501 2601 537 2664 In
567 2600 635 2684 ipso
671 2608 774 2664 autem
810 2599 965 2663 scribendi
993 2620 1103 2681 genere
1133 2612 1264 2665 nonest

127 2703 331 2767 dubitandum
355 2705 427 2787 quin
451 2726 489 2767 111
512 2703 637 2769 arbitrio
661 2702 741 2767 alius
757 2703 850 2767 aliam
866 2703 1120 2768 consuetudinem
1139 2713 1264 2769 secutus

127 2809 181 2872 sit:
217 2816 298 2872 certe
321 2809 373 2891 qui
388 2807 543 2892 duplicare
559 2807 699 2872 solebant
720 2807 805 2870 illam
819 2814 898 2892 post
919 2831 953 2870 re
974 2828 1148 2888 consonam,
1171 2810 1265 2874 etiam

128 2912 226 2976 literis
250 2913 422 2996 significare
445 2912 589 2976 volebant
615 2912 799 2997 particulam
828 2911 956 2996 singulis
978 2911 1053 2976 Iocis
1075 2913 1205 2998 produci
1227 2917 1263 2980 cf.
1381 2966 1385 2973 .

130 3016 255 3080 Servius
278 3017 317 3082 ad
340 3018 416 3080 Aen.
440 3017 465 3096 I,
483 3016 534 3083 30.
564 3017 666 3100 Atque
689 3016 828 3080 cumbis
851 3016 972 3080 videtur
994 3017 1133 3081 Catullus
1155 3019 1264 3083 fecisse

131 3120 225 3183 semel
261 3121 313 3204 qui
344 3128 408 3186 toto
436 3121 513 3186 libro
544 3121 668 3206 scripsit
688 3123 809 3202 rellz'yio
834 3119 982 3200 LXXXX,
1005 3123 1036 3200 4,
1067 3123 1093 3186 si
1115 3123 1263 3187 maiorem

131 3225 287 3306 sequimur
309 3226 449 3290 codicum
472 3234 597 3310 partem.
644 3225 785 3289 Ceterum
809 3225 880 3290 huic
898 3226 1048 3290 vocabulo
1065 3226 1166 3289 simile
1189 3227 1263 3309 quid

131 3327 213 3412 apud
236 3339 358 3414 poetam
370 3329 581 3393 veronensem
603 3350 663 3393 non
687 3329 847 3395 invenitur
868 3350 968 3412 neque
990 3334 1143 3414 reliquiae
1165 3352 1264 3413 neque

128 3435 273 3516 reliques
307 3434 395 3497 cuius
436 3434 533 3497 forma
564 3434 725 3518 trisyllaba
760 3434 885 3498 omnino
917 3435 1100 3519 posteriores
1139 3434 1264 3499 demum

131 3544 236 3618 poetae
260 3538 307 3600 usi
332 3545 412 3615 sunt,
437 3544 471 3601 ut
492 3538 575 3601 Pers.
599 3546 655 3602 sat.
674 3539 711 3617 V,
735 3540 787 3604 87.
811 3538 946 3604 Martial.
969 3539 1074 3617 XIIII,
1097 3538 1148 3615 38,
1174 3541 1201 3602 2.
1226 3541 1263 3604 cl'.

129 3638 298 3704 Schneider
320 3663 364 3723 gr.
380 3643 445 3706 Lat.
462 3644 475 3705 I
499 3665 519 3727 p
546 3643 619 3709 591.
643 3650 782 3706 Corssen.
799 3642 829 3706 II
852 3664 881 3727 p.
893 3644 956 3707 466
972 3664 1016 3726 sq.

217 3743 286 3807 lam
309 3745 359 3808 his
383 3767 462 3829 quae
485 3746 701 3831 expedivimus
724 3747 863 3831 proxime
886 3746 1078 3811 subiicienda
1100 3759 1147 3811 est

557 3868 587 3922 3.
615 3868 657 3923 lle
674 3868 821 3936 positione

131 3952 233 4035 paullo
258 3952 406 4017 curiosior
429 3975 522 4037 quam
545 3955 700 4020 aNobbio
724 3955 761 4018 de
777 3956 885 4020 metris
901 3956 964 4022 Cat.
984 3957 1012 4019 lI
1035 3981 1064 4042 p.
1085 3957 1123 4023 18
1147 3954 1262 4021 dudum

130 4058 272 4121 instituta
295 4066 343 4122 est
365 4057 552 4140 disquisitio.
597 4047 658 4123 Nec
673 4060 809 4124 alienum
825 4060 945 4125 videtur
960 4062 1128 4126 orationem
1149 4063 1181 4126 in
1203 4084 1263 4144 qna

129 4183 222 4245 supra
245 4161 386 4228 substitit
407 4163 571 4248 particula,
594 4164 632 4227 ad
656 4185 723 4227 eam
746 4186 826 4227 nuno
846 4164 1010 4229 reflectere.
1041 4167 1142 4248 Atque
1156 4174 1262 4230 notum

129 4266 158 4327 in
184 4267 294 4349 vulgus
317 4275 364 4331 est
379 4274 507 4350 excepta
520 4289 720 4332 consonarum
734 4271 771 4350 pl
783 4269 979 4353 copulatione
995 4291 1086 4353 quam
1103 4270 1261 4334 christiani

129 4370 251 4433 demum
275 4378 382 4455 poetae
415 4371 445 4434 vi
474 4371 638 4455 positionis
658 4380 816 4450 exuerunt,
848 4373 879 4436 in
903 4374 1046 4438 omnibus
1068 4374 1171 4439 verbis
1194 4395 1262 4437 curn
