2872 4852
753 201 795 266 62

199 388 321 452 nomine
342 384 514 451 Mamurrae
533 386 695 467 XXVIIII,
719 390 737 452 3
761 410 795 454 ac
817 389 912 470 LVII,
935 393 955 454 2
987 411 1048 456 nen
1076 401 1155 458 recte
1186 394 1343 460 iudicasse

199 492 429 556 Lachmannum
451 492 490 555 ad
511 492 600 558 Lucr.
626 514 656 577 p.
678 494 720 558 36
751 502 926 558 monentem
959 497 1081 579 quidem
1115 499 1235 582 syllaba
1267 501 1337 563 eius

200 597 300 682 prima
323 595 478 661 Catullum
502 597 590 661 brevi
612 597 668 676 uti,
691 597 812 661 collatis
835 599 956 663 Horatii
978 600 1040 667 sat.
1058 604 1082 679 I,
1100 603 1129 680 5,
1146 602 1186 665 37
1212 610 1242 667 11
1256 604 1338 668 Μ11-

198 701 283 766 tialis
305 700 407 779 VIHI,
431 701 481 777 59,
508 706 533 765 1.
549 699 587 778 X,
602 702 633 778 4,
651 704 687 765 11
713 697 864 786 exemplis
880 703 1029 770 Schwabe
1052 727 1101 788 qu.
1126 705 1217 772 Catl
1234 730 1264 793 p.
1275 709 1338 773 201

200 806 274 868 satis
297 803 577 869 demonstravit.
600 804 738 870 Necnon
755 806 894 870 Catullus
918 809 1068 891 singulari
1092 810 1224 899 quodam
1246 812 1340 876 modo

198 915 342 973 tiatr'nurc
365 908 444 973 dixit
466 909 556 972 litera
578 931 596 969 11
618 909 753 994 simplici
766 911 798 972 111
814 911 958 976 carminis
974 912 1121 998 Sapphici
1137 915 1188 991 LI,
1210 917 1248 980 11
1266 914 1340 978 aliis

198 1014 289 1077 aliam
311 1014 344 1077 in
367 1013 473 1077 eodem
496 1016 591 1079 verbo
628 1020 658 1077 et
691 1015 845 1079 scribendi
868 1016 1018 1080 rationem
1042 1025 1072 1081 et
1094 1018 1269 1102 prosodiam
1291 1040 1339 1083 se-

199 1119 381 1201 quentibus:
405 1118 449 1180 sic
470 1117 639 1181 tintinnare
662 1118 756 1184 Naev.
770 1141 845 1184 com.
860 1122 931 1184 114.
953 1121 1116 1186 tintinnire
1132 1119 1236 1186 Afran.
1262 1123 1338 1190 393.

196 1223 404 1287 tintinnabula
432 1221 534 1285 Plaut.
558 1221 641 1287 Trin.
668 1225 760 1287 1664.
797 1225 885 1288 Μ111.
920 1224 1016 1305 XIIII,
1044 1228 1113 1292 163.
1147 1226 1256 1291 Juven.
1280 1229 1337 1292 Vl.

198 1329 270 1393 441.
299 1327 390 1390 tinire
413 1324 531 1391 Terent.
556 1326 682 1390 Maurus
706 1326 768 1390 232
791 1328 959 1410 ceterisque
982 1330 1096 1392 tinnire
1120 1331 1266 1394 usitatum
1288 1342 1338 1397 est

198 1431 234 1494 cf.
259 1431 381 1494 Lachm.
404 1431 442 1493 ad
467 1431 553 1495 hucr.
577 1451 606 1514 p.
624 1429 676 1493 36.
699 1429 782 1494 Neue
806 1433 844 1508 II,
869 1454 899 1516 p.
915 1435 986 1498 332.

282 1536 352 1599 Jam
375 1554 444 1598 vero
469 1535 506 1597 de
532 1533 631 1597 verbis
654 1555 733 1616 quae
756 1547 829 1600 sunt
848 1535 985 1619 liquidus
1001 1536 1110 1615 LXIII,
1127 1539 1176 1603 46.
1202 1539 1336 1620 LXIIII,

197 1643 227 1706 2.
254 1643 324 1706 162.
357 1639 474 1722 liquere
496 1637 612 1715 XXXI,
636 1640 665 1703 2.
703 1639 864 1721 liquefacio
890 1639 1041 1707 Lxxxx.
1066 1643 1084 1704 6
1113 1641 1229 1705 dudum
1252 1651 1336 1707 recte

200 1743 379 1809 observarit
399 1741 581 1806 Bouterwelr
607 1742 691 1808 lucr.
717 1742 838 1818 Quaest.
862 1765 892 1828 p.
916 1747 951 1809 21
980 1766 1050 1808 cum
1073 1744 1198 1826 reliquis
1221 1767 1256 1808 ea
1279 1747 1336 1810 Ca-

197 1848 310 1911 tullum
325 1853 340 1910 1·
353 1854 490 1931 correpta
511 1847 624 1928 ubique
647 1846 824 1931 protulisse,
848 1851 902 1911 sed
924 1848 1007 1912 idem
1030 1849 1111 1931 quod
1135 1850 1179 1913 ait
1196 1851 1333 1935 Vergilio

196 1952 317 2037 probari
340 1952 462 2015 animus
485 1972 554 2014 eum
579 1949 688 2014 fefellit
711 1952 748 2014 cf.
767 1951 963 2015 Corssenusl
989 1975 1019 2038 p.
1037 1955 1108 2020 503.
1133 1994 1175 2000 —
1199 1955 1234 2018 In
1252 1977 1333 2019 com-

197 2057 306 2141 positis
330 2055 442 2120 deinde
464 2055 552 2120 verbi
567 2055 654 2134 focio
678 2075 808 2137 quorum
836 2056 918 2119 haud
941 2056 1151 2139 infrequenter
1174 2081 1189 2119 e
1210 2058 1333 2122 literam

196 2161 356 2224 Lucretius
379 2158 523 2246 producit
554 2159 644 2222 metri
678 2168 799 2224 coactus
821 2160 1006 2225 necessitate
1029 2161 1141 2225 formas
1164 2161 1290 2226 creticas
1314 2184 1333 2226 a

196 2266 337 2330 versibus
361 2264 521 2329 excludere
545 2261 597 2347 (cf.
614 2264 794 2329 Bouterwek
817 2265 836 2329 l.
852 2288 881 2330 n.
905 2287 935 2350 p.
952 2265 1020 2349 22),
1044 2266 1172 2329 eandem
1188 2266 1332 2330 Catullus

195 2393 233 2434 ne
254 2369 429 2452 tribrachys
461 2389 515 2452 pes
550 2368 693 2432 existeret
719 2389 848 2432 numero
879 2390 984 2433 versus
1011 2369 1125 2433 heroici
1147 2370 1262 2454 pariter
1283 2371 1331 2434 in-

195 2481 296 2560 eptus,
328 2473 449 2537 duobus
481 2471 556 2536 locis
588 2472 735 2554 integram
763 2473 899 2537 servavit
920 2472 1051 2550 LXIIII,
1075 2476 1138 2539 366
1168 2475 1332 2558 tepefaciet

195 2591 226 2643 et
247 2577 399 2655 LXXXX,
423 2579 443 2642 6
466 2575 674 2657 liquefaciens.
720 2577 813 2640 Brevi
836 2583 939 2640 contra
961 2577 1060 2641 utitur
1082 2577 1241 2661 aliquanto
1265 2599 1331 2643 sae·

194 2683 265 2769 pius
287 2683 345 2747 ita:
376 2681 541 2745 madefient
563 2679 688 2757 LXIIII,
712 2681 783 2747 368.
820 2680 971 2766 tepefaxit
992 2680 1150 2759 vallla,
1175 2683 1225 2747 29.
1248 2689 1332 2767 pate-

195 2778 444 2864 fecit‘uxvssrb,
468 2787 518 2849 67.
537 2785 701 2849 labefactes
717 2784 877 2864 LXVIIII,
889 2787 918 2851 3.
935 2787 971 2849 cf.
987 2784 1154 2850 Corssenus
1167 2786 1197 2849 Il
1213 2808 1242 2871 p.
1256 2789 1331 2853 514.

193 2892 227 2956 L.
250 2890 420 2954 Muellerus
446 2912 475 2974 p.
498 2889 569 2956 364.
604 2889 727 2953 Lachm.
751 2889 790 2952 ad
814 2890 899 2954 lucr.
929 2913 957 2976 p.
984 2893 1044 2956 190
1065 2911 1110 2973 sq.
1134 2891 1197 2955 409
1219 2910 1263 2973 sq.
1288 2929 1328 2939 -

194 2997 353 3060 Praeterea
381 2995 413 3057 in
451 3014 485 3057 eo
513 2993 733 3058 vocabulorum
756 3014 864 3075 genere
887 3015 964 3077 quae
987 3004 1059 3058 sunt
1081 3015 1152 3058 cum
1173 2996 1329 3079 praeposi-

128 3131 130 3136 ·
193 3101 275 3164 tione
293 3121 355 3182 pro
378 3099 561 3183 composita,
584 3099 755 3163 notandum
778 3104 824 3161 est
845 3097 923 3161 illud
946 3099 1114 3182 praefixum
1138 3098 1219 3180 quod
1241 3119 1329 3163 voca-

194 3206 256 3269 lem
276 3204 390 3287 origine
419 3223 475 3266 sua
504 3204 625 3286 longam
649 3202 750 3281 hahet,
783 3203 938 3267 communi
965 3211 1123 3288 poetarum
1145 3203 1329 3267 Latinorum

193 3330 253 3372 usu
276 3308 374 3390 magis
397 3307 556 3389 magisque
579 3314 722 3391 coeptum
745 3326 811 3370 esse
835 3306 956 3391 corripi.
987 3309 1090 3389 Atque
1112 3306 1169 3370 hoc
1191 3306 1273 3370 cadit
1295 3307 1329 3370 in

190 3413 268 3477 talia
290 3412 491 3498 potissimum
513 3411 681 3496 composite
704 3410 840 3492 qualium
863 3410 993 3495 simplex
1015 3411 1144 3474 verbum
1167 3430 1185 3472 a
1210 3409 1299 3473 litera
1307 3412 1336 3490 f

191 3517 356 3581 incohatur
376 3517 462 3579 velut
483 3515 613 3597 profert
630 3517 791 3594 proficisci
815 3514 976 3596 profundo
994 3515 1148 3595 prosapie
1167 3513 1329 3595 profereus

192 3623 254 3686 alia
276 3643 354 3706 quae
370 3620 558 3701 collegerunt
575 3617 748 3697 Schneider,
772 3639 814 3700 gr.
832 3618 883 3683 lat.
900 3619 914 3681 I
938 3640 966 3703 p.
983 3619 1046 3685 576
1063 3638 1127 3700 sqq.
1152 3618 1183 3683 ll.
1197 3617 1328 3680 Mueller

192 3751 219 3812 p.
236 3726 308 3794 363.
333 3726 433 3790 uorss.
454 3724 481 3786 lI
513 3746 540 3807 p.
562 3721 634 3786 482.
680 3722 724 3785 Ex
757 3721 806 3784 his
838 3723 932 3805 igitur
958 3744 1035 3805 quae
1070 3722 1159 3785 ceteri
1183 3720 1327 3806 dactylici

192 3852 298 3894 omnes
321 3850 384 3892 una
406 3828 573 3909 eademque
598 3826 715 3890 ratione
737 3847 898 3890 mensurae
920 3847 1012 3908 quam
1038 3825 1244 3889 indicavimus
1260 3846 1328 3909 pro·

191 3935 339 4012 tulerunt,
363 3954 458 3996 unum
470 3931 630 4013 profundo
648 3930 787 3993 Catullus
810 3931 921 3994 maluit
943 3930 1044 4014 prima
1066 3930 1157 4010 longa
1179 3928 1327 3993 adhibere

190 4041 224 4103 in
247 4037 376 4116 LXIIII,
399 4037 477 4102 20⁴2:
501 4036 567 4112 ,has
590 4043 751 4120 postquam
775 4041 891 4099 maesto
913 4036 1049 4119 profudit
1071 4041 1191 4121 pectore
1214 4039 1325 4097 voces‘.

191 4143 279 4222 Quod
301 4163 369 4205 cunr
393 4141 438 4203 ita
460 4140 508 4215 sit,
532 4139 619 4202 nulla
642 4139 764 4204 omnino
787 4146 948 4202 causaest
974 4160 1025 4202 cur
1046 4137 1198 4201 Muretum
1222 4137 1326 4200 credas

190 4250 224 4313 in
247 4246 387 4309 eiusdem
409 4243 554 4307 carminis
579 4265 668 4308 versu
687 4245 751 4309 382
775 4264 828 4327 pro
844 4242 993 4308 librorum
1008 4264 1080 4307 mss.
1096 4241 1225 4306 lectione
1234 4263 1326 4322 prco-

183 4354 291 4434 funtes
313 4349 426 4414 rectius
451 4349 640 4432 suspicatum
663 4368 730 4410 esse
748 4347 909 4428 profantes·
931 4348 983 4430 (cf.
1007 4346 1160 4411 lluschlrii
1184 4346 1239 4430 Ep.
1257 4347 1325 4410 crit.
