2872 4852
114 362 330 446 redintegrare.
370 365 437 428 Hac
458 366 576 430 ratione
599 367 740 431 Catullus
762 368 810 431 bis
832 368 864 431 in
889 391 950 433 uno
973 369 1140 452 eodemque
1162 391 1253 434 versu

114 467 262 531 adverbia
284 469 372 532 finxit
393 470 564 533 numeralia
586 478 728 554 quotieas
751 479 782 535 ct
805 479 913 536 lotr'cas
928 473 1036 553 LXXI,
1053 474 1072 537 5
1088 474 1146 538 ita:
1171 495 1252 552 ,nam

113 573 257 655 quotiens
278 573 385 664 futuit,
409 574 520 638 totiens
542 573 701 638 ulciscitur
723 577 850 642 ambos‘.
880 577 971 641 Unde
993 578 1062 641 lieri
1076 599 1137 642 non
1153 579 1255 664 potuit

114 677 189 760 quin
222 699 259 740 cx
288 678 432 760 analogia
459 678 572 741 talium
600 680 765 743 l'ormarum
795 681 889 744 ctiam
911 682 944 745 in
966 682 1027 745 alia
1049 683 1198 748 voeabula
1220 683 1253 746 in

113 781 226 863 quibus
249 782 372 846 omnino
395 782 496 846 locum
518 803 580 847 non
602 784 705 862 habet,
728 784 831 848 littera
845 807 865 846 u
897 788 1021 871 saepius
1037 807 1070 851 se
1085 786 1256 851 insinuaret

117 886 215 950 veluit
250 886 283 949 in
320 889 506 950 thensaurus
542 887 626 972 apud
662 887 805 952 Plautum
842 889 973 973 aliisquo
1010 910 1090 973 quac
1127 911 1165 954 cx
1208 891 1253 955 in-

115 989 334 1074 scriptionibus
362 991 549 1072 conquisivit
576 992 745 1056 Corssenus
766 993 792 1057 Ι.
815 1015 845 1078 p.
871 995 942 1060 252.
967 995 1039 1061 255.
1063 1032 1105 1042 -
1127 995 1174 1058 De
1196 1015 1254 1059 usu

115 1094 248 1158 Lucretii
271 1094 341 1159 vide
364 1095 487 1162 Lachm.
511 1117 621 1161 comm.
644 1117 675 1180 p.
700 1095 765 1162 280
788 1104 818 1160 et
838 1099 910 1165 395.

200 1200 230 1264 3.
264 1197 357 1262 Plane
388 1198 493 1263 eodem
517 1199 607 1264 modo
635 1200 749 1264 laetum
772 1201 915 1265 videmus
937 1207 973 1266 ut
995 1222 1051 1287 pro
1075 1202 1210 1288 simplici
1231 1226 1255 1267 a

115 1302 220 1367 littera
241 1302 397 1367 interdum
418 1326 458 1367 crs
481 1304 676 1380 scriberetur,
701 1304 782 1387 quod
805 1306 939 1389 primum
954 1305 1065 1371 accidit
1086 1306 1119 1369 in
1142 1307 1199 1371 SC.
1217 1307 1255 1370 do

114 1407 275 1485 Bacchan,
300 1407 354 1472 ubi
376 1411 502 1471 curtraci
522 1407 644 1490 legitur,
673 1415 741 1471 tum
763 1410 869 1493 paullo
891 1411 1046 1496 posterius
1070 1432 1199 1475 scaram
1222 1411 1254 1474 in

114 1512 254 1597 sepulcro
278 1511 457 1596 Scipionum
478 1517 557 1575 teste
579 1511 727 1578 Corsseno
743 1514 759 1577 Ι
775 1537 805 1600 p.
821 1516 885 1580 296
902 1534 958 1597 sq,
981 1514 1035 1596 qui
1051 1513 1137 1580 illam
1160 1515 1255 1579 tradit

114 1615 272 1681 scribendi
294 1615 443 1680 rationem
474 1637 571 1699 usque
593 1617 632 1679 ad
659 1618 800 1703 proxima
826 1628 897 1702 post
918 1619 1091 1702 Augustum
1113 1624 1255 1704 tempora

113 1719 146 1782 in
171 1740 231 1782 usu
251 1720 347 1783 luisse
362 1721 394 1783 in
407 1721 616 1785 monumentis
631 1722 774 1806 publicis,
797 1724 992 1808 praevalente
1006 1731 1111 1787 tamen
1122 1723 1255 1805 regulari

117 1844 171 1909 per
200 1846 224 1885 a·
254 1824 427 1909 scriptione.
486 1824 593 1888 'l'alem
621 1825 713 1908 igitur
750 1827 882 1891 lormam
916 1826 1036 1892 Catullo
1076 1825 1255 1891 Schwabius

118 1927 253 1992 restituit
283 1928 493 1992 emendatione
524 1929 696 1993 certissima
725 1931 892 2013 eademque
915 1931 1157 2015 simplicissima,
1186 1953 1256 1995 cum

116 2030 270 2111 valllb,
299 2034 359 2097 143
383 2054 418 2096 ex
447 2033 633 2117 optimorum
656 2034 794 2098 codicum
817 2037 937 2098 decena
961 2034 1108 2098 facillime
1130 2038 1254 2099 derrtru

115 2137 238 2202 elicuit:
270 2156 342 2199 nam
380 2154 547 2219 permagna
577 2137 748 2202 similitudo
777 2158 855 2220 quae
883 2138 963 2201 inter
992 2143 1063 2202 uct
1083 2160 1107 2201 a
1135 2139 1254 2204 litteras

114 2241 279 2307 intercedit
304 2239 492 2303 maiusculas
522 2241 636 2322 quibus
661 2241 834 2326 exemplum
864 2242 947 2306 unde
970 2242 1049 2307 liber
1071 2244 1256 2329 archetypus

115 2346 267 2429 originem
282 2346 385 2423 traxit,
408 2345 483 2409 clim
501 2345 622 2411 videtur
637 2347 784 2431 scriptum
806 2346 903 2411 luisse
919 2347 973 2432 (cf.
990 2349 1097 2432 supra)
1109 2347 1256 2432 plurimos

114 2450 313 2514 librariorum
335 2471 454 2514 errores
477 2451 651 2535 procreavit
662 2451 697 2534 1).

174 2556 232 2618 .4.
264 2556 356 2619 Porro
394 2556 457 2618 iam
493 2555 716 2637 antiquissimis
755 2556 878 2638 linguae
914 2556 1121 2620 monumentis
1157 2555 1256 2640 quoad

117 2681 224 2724 corum
246 2659 397 2741 reliquiae
420 2659 459 2722 ad
481 2680 537 2723 nos
553 2666 769 2744 pervenerunt,
793 2659 956 2723 edocemur
970 2659 1063 2745 iniis
1078 2659 1257 2724 nominibus

117 2767 343 2847 verborumque
365 2764 479 2847 {formis
510 2765 543 2826 in
576 2763 689 2846 quibus
716 2763 840 2827 labialis
867 2787 897 2826 m
919 2769 950 2828 et
976 2763 1109 2828 dentalis
1132 2771 1146 2826 t
1167 2763 1257 2828 vels

119 2876 313 2944 concurrant,
343 2869 479 2933 litteram
496 2890 521 2951 p
544 2868 636 2950 vulgo
657 2867 810 2953 interponi
833 2875 864 2932 et
885 2888 1032 2932 sonorum
1052 2867 1133 2933 inter
1155 2888 1189 2933 se
1211 2888 1258 2934 co·

118 2974 273 3060 pulationi
295 2973 438 3058 inprimis
461 2980 565 3057 aptam
581 2981 612 3037 et
629 2972 873 3058 pronuntiationi
894 2972 1009 3035 mirum
1021 2978 1171 3054 quantum
1187 2974 1257 3036 sub-

118 3079 295 3143 venientem
318 3079 354 3144 cf.
378 3077 471 3142 Prisc.
492 3100 520 3163 p.
537 3078 609 3144 854,
642 3077 762 3153 Quibus
778 3075 816 3140 de
840 3076 940 3140 causis
963 3076 1057 3140 etiam
1072 3076 1257 3160 posteriores

118 3183 262 3247 traditeun
290 3183 368 3246 hanc
394 3203 479 3246 more
505 3183 657 3246 maiorum
686 3179 939 3246 consuetudinem
965 3180 999 3244 in
1029 3180 1189 3245 scribendo
1213 3202 1257 3245 re-

116 3288 249 3353 tinuisse
278 3288 345 3351 iure
372 3294 522 3372 putantur
550 3307 649 3370 neque
677 3286 766 3350 aliter
789 3284 944 3349 Catullum
968 3284 1084 3348 dixisse
1105 3290 1257 3350 testantur

115 3397 311 3475 sumptuosas
330 3392 521 3471 XXXXllll,
545 3393 574 3458 9.
598 3390 777 3476 ademptum
791 3387 950 3466 va‘lln,
975 3391 1026 3455 93.
1050 3396 1256 3476 contemptam

116 3495 181 3574 LX,
205 3501 225 3561 ὁ
249 3502 280 3560 et
295 3517 373 3579 quac
389 3497 464 3562 alibi
480 3504 586 3560 extant
600 3495 693 3559 huius
708 3494 830 3578 generis
846 3492 969 3557 similia.
987 3530 1028 3540 -
1044 3493 1081 3556 In
1101 3493 1150 3558 lris
1164 3494 1257 3575 igitur

116 3622 188 3664 cum
205 3622 231 3683 p
253 3602 460 3685 euphonicum
489 3601 569 3664 nihil
591 3599 703 3663 habeat
726 3596 934 3673 dubitationis,
964 3595 1056 3680 plane
1077 3597 1188 3662 inutile
1209 3606 1257 3662 est

117 3725 217 3787 neque
240 3704 306 3768 ulla
321 3704 522 3788 etymologiae
539 3704 605 3786 lege
622 3702 746 3768 delendi
760 3710 873 3786 potest,
893 3699 951 3765 ctsi
967 3721 1006 3764 ne
1021 3700 1114 3766 hodio
1130 3702 1256 3784 quidem

116 3813 227 3873 desunt
250 3809 305 3891 qui
327 3829 446 3874 summo
471 3829 560 3893 opere
583 3807 727 3873 studeant
741 3805 934 3885 defensitare,
956 3805 990 3869 in
1005 3808 1098 3871 verbo
1114 3806 1195 3888 quod
1210 3816 1258 3871 est

117 3921 269 3996 tenqrturc.
321 3912 445 3977 Novum
478 3913 551 3977 huic
582 3913 626 3976 roi
651 3911 756 3974 lumen
787 3909 892 3975 attulit
918 3909 1085 3974 Corssenus
1108 3908 1124 3971 l
1145 3931 1174 3995 p.
1195 3913 1256 3976 122

116 4017 289 4082 rectissime
311 4017 424 4082 docens
445 4026 481 4081 ut
503 4039 522 4081 a
544 4017 638 4081 verbo
668 4017 819 4080 ianadac
840 4014 1040 4100 participium
1062 4019 1197 4080 intentur
1217 4017 1255 4078 ab

188 4260 215 4334 1)
233 4263 276 4317 Sic
291 4264 325 4329 {in
342 4262 421 4317 Lucr.
439 4261 484 4327 Ill,
510 4262 561 4318 596
587 4262 647 4315 libri
665 4277 727 4315 mss.
746 4263 869 4328 eascnyci
894 4276 942 4328 pro
960 4262 1084 4326 exscnpci
1100 4264 1127 4313 et
1144 4260 1187 4325 VI,
1204 4258 1255 4313 385

116 4350 257 4401 ambraus
273 4366 320 4418 pro
339 4349 480 4399 canterat
496 4348 607 4403 offerunt
623 4349 657 4405 el.
674 4348 778 4402 Lachm.
796 4364 888 4402 comm.
907 4364 933 4415 p.
951 4347 1011 4402 370.
