2872 4852
584 181 720 249 'ta

228 381 257 448 d.
290 381 404 460 Quodsi
438 378 678 466 synecphonesis
708 377 802 441 unica
830 381 910 439 certe
933 392 981 436 rcs
1009 370 1068 434 luit
1090 388 1151 451 qua
1173 374 1279 453 poetae

141 489 302 551 insuavem
336 485 489 550 vocalium
517 504 699 549 concursum
726 502 819 564 quem
845 479 966 543 hiatum
989 495 1097 540 vocare
1121 473 1279 538 suavimus

142 592 281 656 devitare
297 597 433 677 possent,
449 610 510 654 non
525 594 628 653 tamma
644 586 758 670 ubique
773 605 792 648 a
806 606 838 648 se
854 583 1067 668 impetrarunt,
1091 585 1125 642 ut
1139 577 1277 662 syllabas

143 697 201 760 illo
224 695 314 761 mede
331 693 554 759 contraherent.
586 692 628 756 At
648 698 768 755 tantum
784 690 889 754 aberat
912 695 947 751 ut
969 707 1005 749 ex
1028 683 1155 748 arbitrie
1172 688 1279 767 poetae

142 800 263 866 vocales
285 800 318 863 in
342 798 482 864 confiniis
499 798 641 862 binorum
659 794 877 861 vocabulorum
892 791 1050 874 contiguas
1066 787 1279 861 distraherent,

142 912 177 970 ut
199 912 346 970 certarum
378 903 479 985 legum
511 902 703 967 severitatem
736 919 812 982 ques
844 894 956 959 violare
986 893 1122 979 optimus
1150 890 1279 974 quisque

144 1009 261 1073 veritus
285 1018 342 1087 est,
366 1008 456 1071 enixe
478 1012 688 1089 sequerentur.
733 1003 782 1067 lta
806 1000 947 1066 Catullus
974 1005 1044 1084 post
1064 993 1280 1079 monosyllaba

143 1113 281 1195 legitime
303 1112 421 1176 hiatum
444 1111 572 1175 admisit
593 1111 626 1173 in
648 1108 752 1172 media
774 1106 890 1190 dactyli
913 1104 1043 1190 syllaba,
1076 1100 1131 1165 sed
1153 1120 1190 1163 ea
1211 1118 1279 1161 con·

144 1216 265 1281 dicione
287 1225 323 1280 ut
344 1224 518 1281 constanter
540 1213 676 1279 vocalem
691 1212 815 1276 linalem
833 1211 999 1295 corriperet
1039 1203 1191 1289 Exempla
1206 1203 1280 1265 hacc

100 1326 103 1333 '
144 1327 231 1384 sunt:
263 1321 296 1383 in
326 1319 581 1404 hendecasyllabo
609 1317 771 1383 Phalaeeie
794 1316 858 1395 LV,
882 1318 920 1380 4:
959 1320 1000 1394 ,te
1023 1312 1057 1375 in
1080 1310 1170 1389 circo,
1193 1314 1224 1371 tc
1248 1306 1279 1369 in

143 1424 286 1489 omnibus
306 1424 441 1491 libellis‘.
467 1423 583 1489 ibidem
599 1426 657 1490 252:
682 1443 791 1501 ‚essem
807 1429 848 1499 te,
871 1421 914 1484 mi
931 1419 1037 1492 amice,
1062 1410 1280 1498 quaeritande‘·

143 1547 233 1612 porro
256 1529 289 1591 in
312 1551 402 1593 versu
424 1529 544 1593 heroico
566 1527 784 1604 LXXXXVIL
811 1529 844 1589 l:
869 1546 950 1602 ‚nom
973 1523 1017 1586 ita
1038 1542 1087 1584 me
1111 1518 1154 1581 dii
1169 1521 1281 1592 ament,

143 1631 308 1715 quicquam
330 1633 442 1697 referre
464 1632 593 1718 putavi‘.
639 1632 790 1697 Similiter
821 1630 933 1695 deinde
961 1634 1066 1713 poetae
1089 1624 1122 1686 in
1144 1620 1281 1706 plurium

143 1755 268 1818 quoque
304 1736 491 1821 syllabarum
530 1736 688 1802 vocabulis
720 1757 798 1819 quae
835 1737 866 1799 iu
905 1735 1028 1815 longam
1061 1727 1197 1793 vocalem
1233 1723 1281 1786 vel

143 1839 373 1923 diphthongum
403 1840 564 1919 desinunt,
598 1861 658 1905 nen
690 1859 848 1923 nunquam
878 1840 997 1903 hiatum
1020 1839 1139 1923 ponunt
1160 1829 1283 1914 syllaba

143 1951 281 2008 extrema
313 1944 403 2010 medo
431 1951 552 2009 servata
578 1945 668 2008 modo
697 1954 844 2030 correpta.
890 1946 935 2006 Ac
962 1941 1142 2026 saepissime
1170 1936 1227 1998 hec
1249 1935 1282 1997 lit

143 2048 178 2110 in
214 2049 305 2112 tertio
339 2048 416 2135 pede
451 2071 559 2114 versus
589 2049 749 2134 dactylici,
783 2050 836 2113 ubi
872 2067 997 2112 caesura
1019 2044 1160 2129 quinaria
1181 2042 1282 2105 locum

146 2153 248 2217 hebet.
293 2153 369 2218 Tale
407 2153 509 2218 hiatus
539 2154 713 2239 exemplum
746 2175 838 2217 unum
871 2154 902 2217 in
933 2152 1010 2215 libro
1040 2148 1214 2214 Catulliana
1236 2171 1283 2211 ec-

145 2257 242 2321 currit
253 2257 349 2336 CVII,
368 2263 400 2322 l:
432 2260 468 2336 ‚si
485 2259 648 2342 quicquam
672 2259 782 2344 cupido
799 2258 980 2343 optantique
996 2255 1106 2338 obtigit
1125 2262 1281 2338 unquam,

145 2360 195 2424 cui
216 2361 412 2426 adnumerari
434 2363 525 2426 etiam
549 2369 650 2448 potest
671 2363 750 2427 illud
767 2370 838 2448 pest
853 2361 1036 2449 pentametri
1056 2381 1213 2425 caesuram
1230 2357 1281 2421 nbi

145 2486 269 2550 perraro
292 2466 394 2532 hiatus
417 2467 542 2531 licentia
564 2477 612 2532 est
626 2468 659 2531 in
675 2468 837 2547 vafflb,
865 2467 939 2534 158:
970 2488 998 2546 ‚a
1019 2487 1079 2550 quo
1095 2471 1168 2529 sunt
1181 2465 1282 2550 primo

146 2570 250 2633 omnia
279 2582 351 2635 nata
382 2572 470 2637 beno‘
482 2573 519 2657 ¹).
565 2572 658 2635 Aliud
694 2576 758 2637 elus
789 2572 873 2637 medi
901 2571 1075 2656 exemplum
1106 2569 1188 2653 qued
1211 2567 1281 2633 libri

145 2695 218 2737 mss,
243 2674 379 2755 tradunt,
402 2676 492 2761 plane
514 2676 710 2741 intolerabile
726 2697 793 2740 esse
808 2678 869 2739 iam
885 2675 958 2739 Itali
973 2675 1116 2740 viderunt
1132 2674 1186 2758 qui
1204 2681 1283 2737 recte

146 2779 294 2863 particula
316 2803 352 2843 nc
374 2780 492 2845 adiecta
514 2780 731 2860 LXXXXVH,
761 2784 780 2844 ⁴2
809 2782 853 2845 sic
875 2780 1092 2844 emendarunt:
1130 2785 1282 2859 ‚utrumne

146 2905 180 2948 es
203 2905 240 2948 an
265 2884 368 2948 culum
391 2885 552 2949 olfacerem
574 2885 720 2949 Aemilio
744 2886 781 2950 cI.
801 2885 923 2950 Lachm.
944 2885 982 2948 ad
1005 2885 1094 2950 Lucr.
1110 2907 1139 2970 p.
1159 2885 1199 2948 99
1216 2904 1282 2967 sqq.

233 2992 276 3054 nt
298 3010 369 3055 vero
385 2998 456 3075 post
471 3011 561 3054 voces
576 2991 607 3054 in
626 2992 750 3055 brevem
763 2990 897 3054 vocalem
914 2996 1061 3053 exeuntes
1076 2989 1163 3053 nulla
1178 2997 1284 3075 poetae

147 3096 263 3161 ratione
296 3096 442 3161 videntur
477 3095 510 3157 in
544 3094 640 3158 altera
671 3095 753 3158 thesi
776 3093 865 3181 pedis
888 3093 1032 3180 dactylici
1055 3094 1175 3159 hiasse:
1212 3114 1281 3157 nam

146 3200 217 3264 huic
238 3200 310 3264 usui
339 3220 418 3282 qnae
450 3199 605 3264 contraria
632 3198 797 3281 ahquande
819 3199 1033 3284 reperiuntur,
1066 3206 1190 3285 peccata
1213 3209 1280 3263 sunt

148 3304 352 3370 librariorum.
385 3304 433 3368 lta
450 3303 529 3367 male
544 3303 658 3367 hahent
673 3303 793 3367 codices
808 3311 838 3367 et
853 3304 1003 3369 editiones
1017 3304 1135 3389 priores
1151 3304 1204 3382 Ill,
1229 3306 1283 3367 lu:

146 3430 163 3472 o
175 3410 288 3474 Iactum
300 3408 395 3473 male!
409 3408 557 3472 omiselle
566 3427 672 3492 passer
682 3429 735 3492 pre
748 3408 788 3487 ‚io
800 3408 921 3473 miselle
933 3415 1047 3493 passer‘
1058 3408 1283 3493 (ethlllueller

146 3535 174 3597 p.
198 3512 287 3598 306).
332 3512 493 3595 Praeterea
526 3519 606 3578 certe
639 3533 698 3576 nun
733 3513 856 3598 scripsit
886 3512 1026 3577 Catullus
1050 3512 1223 3591 XXXVIII,
1248 3514 1282 3575 ⁵2:

148 3615 268 3693 ‚molest
289 3639 337 3680 me
358 3615 484 3681 hercule
506 3625 538 3681 et
559 3617 721 3683 laboriose‘
746 3636 931 3700 quamquam
954 3615 1032 3680 nihiI
1055 3618 1087 3681 in
1110 3616 1284 3702 praesentia

145 3722 243 3786 habco
278 3741 338 3804 que
368 3722 471 3786 lecum
503 3721 666 3786 emendare
694 3721 820 3806 possim.
841 3721 1056 3785 Lachmannus
1084 3720 1209 3804 quidem
1233 3720 1283 3802 (cl.

146 3847 254 3890 comm.
278 3825 365 3890 Lucr.
390 3848 420 3911 p.
447 3826 522 3911 loa)
545 3834 616 3911 post
637 3828 758 3890 hercule
780 3826 899 3889 censuit
921 3825 1071 3890 excidisse
1094 3825 1233 3890 dativum
1256 3829 1287 3886 cr?

59 4004 62 4035 Ι
146 3929 329 3995 adversante
351 3930 453 3994 nescio
476 3951 513 3995 an
537 3937 617 3994 recte
634 3929 666 3993 L.
683 3928 829 3993 Muellero
854 3929 891 3993 de
914 3952 947 3995 re
970 3938 1055 3996 metr.
1080 3952 1108 4016 p.
1133 3930 1205 4006 254,
1230 3928 1283 4010 qni

146 4092 227 4098 ....-—
232 4090 452 4099 ----—----——

221 4192 246 4256 i)
264 4195 315 4247 nisi
342 4195 407 4248 torte
427 4199 493 4247 recto
517 4195 640 4247 iudicavit
656 4196 690 4246 li.
707 4195 836 4260 Hauptius
854 4210 896 4261 qu.
910 4196 965 4248 Cat.
985 4211 1010 4261 p.
1023 4193 1056 4247 86
1076 4197 1135 4261 post
1149 4194 1229 4258 primo
1247 4192 1283 4244 le·

150 4281 266 4343 gendum
285 4296 342 4333 esse
361 4282 394 4329 mi
410 4280 437 4332 id
455 4281 524 4348 quod
542 4282 616 4334 facile
635 4298 697 4334 sane
710 4282 826 4334 excidere
838 4283 921 4349 potuiI
932 4281 964 4334 rf.
977 4282 1053 4333 etiam
1067 4280 1185 4333 indicet.
1199 4278 1283 4331 Berol.

147 4374 210 4420 aest.
229 4384 252 4422 a
274 4367 340 4421 1857
359 4383 384 4434 p.
403 4368 419 4419 6
437 4372 463 4420 et
480 4368 509 4422 L.
522 4368 629 4421 Xueller
646 4368 678 4421 de
696 4385 723 4422 re
743 4373 816 4422 metr.
835 4386 861 4436 p.
880 4368 939 4423 332.
