2872 4852
726 209 766 274 68

173 394 298 475 LXIIII,
325 398 397 463 216.
420 398 483 464 305
507 397 622 480 quibus
643 397 735 461 adiici
758 403 859 483 potest
878 396 1005 474 LVIlll,
1029 399 1057 463 2.
1069 398 1094 483 ¹)
1117 437 1158 445 -
1179 398 1249 463 Jam
1272 400 1311 464 de

173 500 280 582 longae
315 501 597 585 nronosyllaborum
629 501 743 566 vocalis
779 501 809 564 in
843 505 967 567 brevem
1001 502 1153 585 syllabam
1183 503 1309 569 elisione

175 605 329 690 praeclare
359 605 530 692 disputavit
558 605 598 671 M.
623 607 777 691 Hauptius
798 609 918 672 observ.
942 606 1007 670 crit.
1032 628 1061 692 p.
1090 608 1126 671 16
1150 629 1215 692 sqq.
1240 630 1310 671 cum

174 709 304 774 aliorum
326 716 487 795 poetarum
510 718 574 774 tum
597 709 709 774 Catulli
733 709 950 774 consuetudine
973 711 1164 777 adumbrata.
1205 711 1309 777 Nihilo

174 821 278 877 tamen
301 813 400 878 secius
423 814 566 897 quoniam
587 835 647 879 non
663 815 704 878 ita
720 815 798 877 hane
813 815 1022 897 quaestionem
1039 814 1142 898 quoad
1153 815 1310 880 Catullum

175 917 283 982 attinet
311 919 468 999 tractavit,
497 925 534 982 ut
561 919 1166 1004 (1111616661111161166666116161,
1198 918 1310 984 (1611(16

176 1043 246 1086 cum
287 1043 401 1087 errores
438 1022 556 1106 aliquot
592 1030 623 1086 et
659 1023 797 1087 codicum
825 1030 855 1086 et
883 1023 1036 1087 editorum
1059 1022 1215 1086 refutandi
1236 1024 1310 1103 sint,

174 1126 274 1191 denuo
311 1126 398 1190 illam
426 1147 491 1190 rem
523 1127 732 1212 attingendam
766 1127 873 1210 putavi
902 1125 939 1190 de
968 1148 1027 1209 qua
1057 1127 1211 1212 copiosius
1234 1128 1310 1192 mihi

175 1230 373 1315 expositurus
406 1251 473 1294 6666
504 1232 626 1310 111661,
655 1252 725 1295 oum
748 1231 929 1315 praesertim
953 1230 1002 1294 vel
1024 1229 1103 1294 hano
1123 1233 1162 1295 ob
1186 1252 1309 1296 oausam

175 1341 281 1419 poetae
304 1335 440 1398 carmina
461 1335 732 1421 pervolutaverim.

259 1437 329 1502 Jam
357 1438 451 1521 igitur
482 1444 516 1503 ut
538 1438 576 1503 de
590 1438 811 1522 monosyllabis
835 1439 970 1523 primum
994 1439 1164 1520 ordiamur,
1188 1441 1309 1505 vocales

174 1562 280 1607 cortun
303 1542 336 1605 in
359 1543 446 1606 exitu
467 1543 573 1626 longas
595 1565 663 1607 cum
688 1542 832 1607 brevibus
855 1542 984 1606 elisione
1007 1542 1163 1628 copulavit
1185 1543 1243 1608 sie:
1275 1544 1310 1607 in

173 1646 285 1712 iambis
308 1647 402 1711 semel
425 1656 505 1711 certo
529 1656 556 1711 16
578 1648 674 1711 odibit
691 1646 773 1722 VIII,
793 1648 845 1725 163
869 1646 1001 1710 alterum
1026 1646 1107 1710 enim
1129 1647 1211 1729 quod
1233 1648 1309 1716 ibid.

176 1752 215 1817 15
228 1750 384 1837 Hauptins
406 1751 537 1816 coniecit
559 1759 586 1815 16
607 1751 654 1813 abi
674 1770 728 1836 pro
747 1749 900 1814 librorum
922 1752 982 1814 11111·
1002 1751 1155 1836 scriptura
1176 1773 1232 1816 nec
1254 1752 1311 1816 hac

173 1855 285 1919 melius
316 1862 364 1920 est
389 1856 508 1941 etipse
531 1855 691 1940 postmodo
714 1854 828 1918 reiecit.
866 1854 901 1918 11
924 1855 1075 1920 trochaeis
1099 1855 1177 1920 dixit
1199 1855 1243 1933 X,
1275 1858 1310 1923 7;

174 1958 325 2042 quomodo
348 1981 379 2023 se
395 1959 530 2023 haberet.
546 1959 621 2022 ibid.
639 1960 680 2024 28
696 1980 746 2022 me
761 1959 880 2024 habere.
898 1958 971 2037 Xll,
994 1961 1027 2023 4:
1048 1959 1128 2043 sugit
1143 1964 1184 2036 te,
1206 1959 1311 2045 inopte

173 2068 242 2147 post
268 2062 546 2147 interpunctionem
573 2063 654 2146 quod
681 2063 781 2126 rarius
804 2063 916 2129 616111.
962 2063 1101 2127 Tandem
1124 2063 1157 2127 in
1179 2063 1311 2148 dactylis

173 2167 333 2250 aliquanto
362 2167 486 2251 saepius
515 2167 699 2251 synaloephe
727 2167 901 2231 obscuravit
923 2167 998 2231 11666
1019 2167 1248 2252 monosyllaba:
1280 2175 1311 2233 16

172 2271 243 2337 6116
260 2270 365 2350 XIIII,
388 2272 417 2337 3.
441 2277 470 2334 te
494 2292 547 2355 ego
571 2278 651 2336 66116
666 2271 776 2350 LXVI,
798 2273 840 2337 25
864 2271 933 2355 (ubi
955 2271 1036 2334 illud
1059 2279 1086 2335 te
1109 2293 1127 2335 a
1149 2272 1311 2337 codicibus

173 2375 322 2440 omissum
348 2381 428 2438 recte
459 2374 578 2439 addidit
600 2376 754 2459 Vossius).
791 2375 864 2458 quin
894 2383 927 2439 tu
955 2376 1057 2439 animo
1084 2375 1229 2456 LXXVI,
1262 2380 1309 2442 11.

172 2480 204 2543 in
227 2479 375 2543 sehabet
399 2477 526 2556 CXIIII,
551 2481 580 2544 2.

258 2582 318 2646 His
340 2583 489 2646 accedunt
511 2582 651 2668 plurium
667 2583 854 2666 syllabarum
871 2582 1020 2649 vocabula
1033 2583 1092 2648 1616
1108 2583 1198 2648 modo
1215 2585 1310 2649 conli-

173 2687 300 2772 quontia
333 2708 411 2771 qnae
444 2694 529 2752 sunt:
568 2688 655 2752 luisti
690 2688 724 2752 in
755 2687 868 2752 ultima
888 2687 1048 2765 XXVIIII,
1082 2690 1128 2754 12.
1154 2690 1255 2753 (1116161
1283 2697 1314 2755 61

172 2792 284 2857 ultima
306 2792 372 2858 ibid
406 2801 434 2859 4.
478 2792 598 2875 Egnati,
622 2813 716 2878 opaca
737 2791 896 2870 XXXVII,
923 2797 960 2859 19
983 2799 1053 2878 post
1074 2792 1312 2877 interpungendi

173 2896 305 2979 signum.
344 2896 409 2960 risu
445 2896 548 2981 inepto
585 2896 780 2976 XXXVIIII,
807 2899 852 2962 16.
889 2897 986 2961 nimie
1016 2896 1086 2961 odio
1116 2895 1232 2974 LXIII,
1260 2900 1310 2963 17.

175 2999 212 3063 11
238 2999 388 3064 trochaeis
411 2999 548 3084 scripsit:
586 3022 679 3084 quare
703 3000 781 3064 habe
804 3000 829 3080 l,
853 3003 882 3066 8.
905 3021 1058 3084 peraeque
1080 3007 1111 3064 61
1132 2999 1183 3063 hic
1205 3010 1236 3064 61
1257 3001 1311 3064 1116

175 3103 229 3181 Vl,
255 3106 282 3169 9.
320 3106 359 3169 ab
396 3103 448 3168 illo
485 3104 583 3167 amari
620 3104 750 3182 XXIIII,
779 3108 808 3171 6.
847 3105 972 3169 16111611
1004 3125 1105 3168 amare
1128 3103 1256 3183 XXXX,
1280 3107 1309 3170 8.

172 3207 299 3272 sinistra
328 3214 362 3272 nt
383 3213 453 3272 ante
475 3207 632 3287 XXXXV,
656 3207 685 3272 8.
710 3211 760 3273 17.
784 3208 906 3291 gemelli
929 3209 1047 3291 utrique
1070 3208 1165 3287 LVll,
1189 3213 1218 3276 6.
1265 3209 1311 3274 Ne

176 3312 208 3375 in
251 3310 404 3396 glyccncis
447 3313 573 3395 quidem
617 3320 646 3375 61
683 3313 869 3378 carminibus
908 3313 1069 3398 Sapphicis
1107 3320 1195 3398 poete
1231 3315 1312 3379 hano

173 3415 338 3480 elisionem
368 3416 519 3481 devitavit
540 3417 708 3502 (Hauptius
732 3417 814 3481 enim
837 3417 859 3481 l.
883 3440 907 3480 c.
931 3440 958 3502 p.
986 3417 1023 3481 18
1046 3438 1107 3482 non
1130 3428 1208 3482 recto
1230 3418 1311 3482 iudi-

49 3570 52 3575 .
173 3519 278 3601 cavit),
303 3520 383 3603 quod
407 3522 631 3586 demonstrant:
661 3542 754 3604 quare
776 3542 831 3603 age
854 3520 936 3598 LXI,
960 3524 1012 3586 26.
1035 3522 1120 3604 virgo
1143 3524 1216 3588 ades
1237 3523 1312 3589 ibid.

173 3626 223 3689 77.
267 3623 341 3688 Furi
364 3631 394 3690 et
415 3625 522 3690 Aureli
544 3625 599 3703 XI,
625 3630 641 3691 1
665 3627 699 3689 in
722 3625 852 3689 carmine
876 3624 1039 3711 Sapphico.
1083 3626 1185 3710 Longe
1208 3638 1311 3693 autem

174 3728 422 3813 frequentissima
452 3737 500 3793 est
533 3731 565 3794 in
594 3729 723 3814 dactylis
750 3730 936 3815 synaloephe
958 3729 1068 3793 horum
1093 3732 1311 3798 vocabulorum

439 3871 483 3879 -—

244 3937 269 4005 1)
287 3939 317 3992 In
336 3941 517 3994 enumerandis
536 3941 720 4010 monosyllabis
738 3942 778 3994 161
796 3943 873 4009 longa
890 3941 972 3994 166611
990 3943 1029 3993 161
1042 3942 1150 3994 11111616
1163 3944 1309 3997 terminatis

173 4043 238 4095 quae
266 4027 441 4094 synaloephen
459 4027 609 4091 admittunt,
641 4028 669 4080 L.
688 4029 826 4082 liuellerus
850 4029 882 4081 de
904 4045 931 4080 re
950 4032 1023 4081 metr.
1041 4045 1066 4096 p.
1085 4027 1135 4081 283
1153 4029 1218 4081 duas
1236 4034 1265 4082 ut
1282 4031 1311 4084 in

173 4113 276 4166 Catulle
308 4130 348 4166 me
379 4116 524 4167 contineam
552 4115 692 4181 particulas
723 4132 752 4165 ne
778 4119 803 4168 61
829 4115 886 4164 dum
909 4116 1088 4182 praetermisit.
1125 4115 1210 4183 Atque
1232 4117 1309 4169 huius

173 4200 276 4268 quidem
301 4200 379 4252 elisae
402 4201 479 4268 paulo
502 4205 562 4253 ante
585 4203 731 4255 notavimus
755 4202 823 4254 haud
847 4217 929 4270 pauca
951 4202 1080 4269 exempla,
1103 4201 1173 4254 illam
1191 4218 1250 4256 vero
1269 4204 1309 4255 bis

173 4287 325 4340 delitescere
353 4286 414 4341 fecit
446 4287 564 4341 Gabrllus
594 4292 653 4342 ante
682 4289 795 4342 vocalem
824 4288 975 4355 productam
1004 4289 1032 4341 in
1058 4287 1187 4354 nxvlna,
1220 4289 1252 4342 14
1279 4307 1310 4343 ac
