2872 4852
172 390 245 467 XII,
286 390 304 453 2
338 389 371 453 in
407 390 473 454 ioco
511 396 602 475 atquc
636 392 718 457 vino.
756 391 914 470 XXXXV,
947 396 1059 459 3amo
1081 388 1172 479 atque
1195 415 1309 462 amore.

173 494 223 573 CI,
242 497 281 559 lo
297 515 353 558 ave
369 500 462 576 atque
479 496 548 558 valc
566 495 618 578 (dc
633 495 699 560 Ioco
711 496 893 574 Quintiliani
909 498 933 576 l,
950 499 981 576 6,
997 498 1035 563 21
1050 497 1120 561 vide
1136 497 1252 581 supra).
1268 533 1312 541 —

172 598 237 663 Iam
275 598 490 682 monosyllaba
520 601 601 684 quod
635 599 758 678 attinet,
798 601 894 664 solam
917 609 945 665 ct
966 601 1146 686 particulam
1169 621 1310 664 necnon

172 702 428 788 praepositionem
466 725 504 766 aa
542 725 610 767 cum
639 703 779 769 iambicis
808 706 968 769 verborum
997 705 1103 770 lormis
1126 711 1217 790 poeta
1241 699 1311 768 con-

172 806 340 889 glutinavit
362 807 449 870 cuius
473 808 517 871 rei
540 817 720 890 argumento
744 816 831 873 sunt:
855 810 926 874 laba
948 818 979 874 ct
993 808 1108 894 lapillis
1123 808 1240 886 XXIII,
1258 809 1309 875 21.

172 932 240 975 meo
263 918 293 975 et
315 910 444 975 Fabullo
466 911 651 994 XXXXVII,
675 918 703 978 3.
729 913 804 977 Cato
827 921 858 978 et
879 914 1011 978 iocosam
1027 913 1107 990 LVI,
1133 915 1159 977 1.
1179 912 1271 977 modo
1294 936 1311 976 e

172 1036 285 1080 corona
323 1016 411 1095 LIII,
450 1023 472 1083 l.
507 1024 622 1100 quanta
643 1017 676 1080 in
698 1038 800 1082 amore
822 1025 875 1082 tuo
899 1040 936 1082 ex
960 1025 1044 1102 parte
1067 1015 1253 1095 LXXXVII,
1277 1017 1308 1080 4.

173 1120 298 1185 Praeter
336 1121 391 1185 has
424 1121 549 1185 voculas
587 1122 695 1188 dubito
730 1122 872 1206 equidem
895 1143 969 1185 num
993 1128 1071 1185 recte
1094 1119 1310 1184 Lachmannus

171 1224 191 1288 l.
225 1247 254 1288 n.
287 1247 316 1310 p.
343 1226 403 1290 198
427 1233 533 1310 poetae
556 1226 755 1312 adscripserit
777 1231 817 1290 od
833 1227 1112 1312 praepositionem,
1146 1224 1230 1289 idem
1253 1225 1309 1307 qui

172 1336 200 1392 et
238 1328 420 1414 particulam
458 1336 572 1394 temere
610 1331 723 1396 omisit.
770 1331 849 1395 Nam
881 1332 962 1414 quod
985 1330 1081 1393 semel
1103 1329 1141 1406 X,
1164 1331 1204 1395 26
1229 1337 1311 1393 certe

173 1433 250 1512 ,uolo
283 1431 322 1496 ad
346 1433 496 1518 Serapim‘
531 1436 664 1520 scripsit,
696 1436 767 1500 licet
788 1436 867 1500 illud
890 1439 930 1498 cd
950 1434 1079 1498 minoris
1103 1431 1247 1518 ponderis
1270 1433 1311 1496 sit

173 1536 372 1614 vocabulum,
410 1546 512 1603 tamen
549 1561 610 1603 non
648 1541 739 1604 aliter
768 1541 828 1604 nisi
851 1549 989 1624 correpta
1012 1538 1097 1603 verbi
1120 1536 1243 1621 syllaba
1264 1557 1310 1600 se-

172 1642 272 1705 cunda
293 1643 341 1707 uti
364 1643 475 1728 potuit,
499 1644 621 1727 quando
645 1645 768 1728 quidem
791 1645 867 1708 alias
883 1644 998 1728 ubique
1013 1646 1079 1706 colo
1095 1640 1309 1728 pyrrhichiace

172 1745 294 1812 extulit.
318 1785 360 1793 -
382 1747 474 1811 Porro
506 1747 543 1811 de
566 1748 723 1812 vocabulis
759 1748 1020 1833 hyperdisyllabis
1052 1745 1227 1810 addendum
1261 1753 1309 1809 est

172 1849 312 1913 omnium
335 1851 469 1915 maxime
486 1852 607 1917 Catullo
631 1852 784 1938 placuisse
807 1873 911 1917 eorum
935 1874 1004 1916 cum
1026 1851 1165 1916 iambicis
1180 1849 1309 1915 vocibus

172 1954 408 2039 copulationem.
478 1956 543 2032 Quo
593 1958 626 2019 in
670 1977 779 2039 genere
824 1956 919 2021 semel
962 1957 1066 2040 posuit
1109 1953 1308 2038 trisyllabum

171 2058 274 2138 LXII,
312 2062 368 2126 33:
407 2082 540 2145 namque
571 2071 624 2126 tuo
648 2061 790 2126 adventu.
816 2061 906 2143 longe
930 2060 1052 2144 saepius
1076 2057 1308 2142 quadrisyllaba

171 2163 258 2228 velut
283 2163 362 2243 IIII,
399 2166 436 2230 17
467 2172 520 2230 tuo
550 2166 707 2231 imbuisse.
731 2166 769 2245 X,
793 2167 813 2230 2
836 2188 852 2229 e
875 2165 938 2229 foro
962 2164 1102 2227 otiosum.
1126 2163 1193 2240 XV,
1232 2162 1310 2226 sin

171 2289 305 2333 re-sua
328 2270 473 2354 occupati,
497 2270 598 2347 XXII,
623 2272 640 2333 7
666 2271 739 2334 novi
760 2270 907 2334 umbilici.
932 2270 965 2348 L,
984 2274 998 2333 1
1019 2267 1068 2330 die
1085 2267 1186 2332 otiosi
1204 2266 1310 2344 clue

172 2358 247 2458 put'a
279 2373 510 2458 Harpocratem.
556 2373 698 2437 Ceterum
731 2381 858 2438 eatenus
886 2392 1007 2457 quoque
1031 2370 1189 2435 Catullum
1213 2371 1309 2434 semel

171 2476 319 2541 imitando
343 2477 492 2561 expressit
518 2478 545 2540 is
569 2478 621 2561 qui
638 2477 723 2541 Cirin
739 2478 862 2562 scripsit
878 2497 970 2540 versu
986 2478 1042 2540 95:
1066 2496 1133 2539 meo
1158 2474 1307 2540 inficiunt.

171 2581 366 2664 Quamquam
389 2581 537 2645 vocabula
558 2581 655 2646 iambi
678 2580 766 2668 pedis
790 2603 935 2646 mensura
958 2579 1179 2665 comprehensa
1201 2601 1309 2645 omncs

171 2685 293 2750 classici
315 2692 422 2771 poetae
445 2685 606 2768 diligenter
629 2694 776 2750 caverunt
799 2709 837 2750 ne
859 2708 913 2770 per
936 2684 1178 2770 synecphonesin
1202 2704 1307 2748 conso-

171 2790 285 2854 ciarent
308 2812 377 2854 cum
402 2790 523 2875 syllaba
545 2797 635 2856 acuta
665 2811 725 2873 qua
750 2792 914 2875 insequens
937 2811 996 2855 vox
1025 2789 1163 2873 incipiat,
1186 2810 1309 2875 semper

171 2914 206 2958 ea
228 2893 261 2956 in
284 2915 315 2958 re
338 2894 460 2959 hiatum
482 2895 691 2980 praeferentes
714 2894 751 2959 de
775 2915 833 2980 quo
857 2894 962 2979 paullo
986 2901 1055 2979 post
1077 2913 1212 2975 agemus

258 2997 295 3060 In
329 3000 509 3064 universum
543 3005 623 3064 certe
656 2999 760 3082 negari
782 3020 843 3062 non
865 3007 967 3083 potest
989 3018 1078 3062 omne
1100 3018 1196 3080 genus
1219 3019 1309 3081 syna-

172 3100 298 3186 loephes
336 3101 499 3167 molestum
536 3125 602 3166 esse
639 3103 786 3186 quiddam
820 3110 851 3166 et
878 3122 973 3188 prope
996 3101 1188 3166 intolerabile
1211 3121 1309 3185 coque

175 3205 322 3270 maiorem
355 3228 500 3272 versuum
538 3207 669 3271 nitorem
700 3227 767 3272 esse
797 3215 889 3289 atque
911 3206 1044 3291 speciem
1067 3226 1126 3289 quo
1149 3205 1310 3288 aequalius

171 3309 337 3394 procedant
359 3319 390 3376 et
413 3312 501 3395 quasi
523 3310 679 3396 profluant
699 3311 786 3375 nulla
801 3310 945 3396 impediti
961 3310 1141 3375 difficultate
1156 3308 1309 3374 vocalium

171 3434 433 3499 consonarumque
461 3415 585 3501 propria
607 3415 640 3478 vi
666 3423 696 3479 et
721 3414 826 3479 indole
849 3435 942 3499 quam
962 3415 1097 3478 maxime
1120 3420 1307 3478 conservata.

172 3518 229 3581 His
266 3518 359 3602 igitur
380 3520 546 3586 virtutibus
580 3520 723 3602 quoniam
761 3519 864 3583 minus
898 3525 1033 3604 praestat
1058 3518 1162 3600 lingua
1189 3517 1307 3595 Latina,

171 3628 281 3706 poetae
304 3644 377 3688 vero
394 3623 494 3689 Latini
516 3633 546 3688 et
567 3624 626 3708 ipsi
647 3626 771 3689 fuerunt
786 3623 913 3687 auribus
928 3623 1078 3688 teretibus
1095 3644 1130 3686 ac
1144 3622 1307 3704 religiosis,

170 3746 232 3790 non
261 3727 361 3811 potuit
390 3748 462 3792 sane
484 3728 551 3791 fieri
574 3729 648 3812 quin
672 3749 790 3793 summo
814 3748 903 3813 opere
927 3727 1085 3791 studerent
1108 3726 1267 3790 elisionem
1290 3748 1309 3790 a

95 3832 97 3837 ’
171 3830 312 3895 versibus
350 3832 416 3897 suis
448 3832 617 3899 excludere.
662 3833 697 3896 In
729 3854 788 3916 quo
820 3832 906 3896 licuit
939 3832 978 3895 iis
1006 3831 1138 3897 remedio
1161 3830 1208 3894 uti
1230 3831 1307 3895 satis

170 3935 322 4020 parabili,
359 3957 469 4021 nempe
506 3936 654 4002 truncatis
686 3937 773 4002 verbi
802 3935 987 4001 substantivi
1018 3935 1125 4001 formis
1147 3958 1179 3998 cs
1202 3941 1232 3999 et
1254 3943 1306 4003 cst.

172 4040 288 4104 Verum
326 4041 407 4105 enim
437 4062 509 4106 vero
537 4062 615 4125 quae
638 4048 796 4126 poctarum
820 4040 893 4104 olim
916 4039 1069 4104 scribendi
1091 4041 1169 4105 ratio
1192 4040 1251 4104 fuit
1272 4062 1308 4104 ea

170 4143 337 4208 maximam
346 4152 465 4229 partem
475 4145 550 4209 adeo
563 4146 725 4210 obscurata
738 4153 768 4208 et
784 4166 878 4230 paene
895 4144 1071 4209 oblitterata
1087 4152 1134 4208 est
1145 4144 1196 4208 vel
1207 4144 1307 4229 negle-

171 4248 275 4330 gentia
283 4247 334 4312 vel
347 4269 434 4314 caeco
450 4248 646 4315 librariorum
658 4252 786 4335 impetu,
804 4257 838 4313 ut
853 4267 907 4334 pro
917 4256 1069 4313 uetustate
1082 4249 1221 4314 codicum
1232 4270 1305 4314 mss.

171 4351 259 4437 plura
281 4351 462 4437 pauciorave
489 4352 583 4417 etiam
608 4374 691 4417 nunc
714 4352 872 4438 supersint
901 4351 1044 4436 antiquae
1075 4352 1307 4418 consuetudinis
