2872 4852
701 200 743 267 32

154 392 214 455 istu
238 391 299 455 1111
322 388 495 455 communis
517 389 785 470 gratnmatioorum
809 391 1024 477 interpretatio
1046 393 1147 458 veluti
1170 394 1290 458 Struvii

151 516 277 575 grurnru.
305 493 367 557 tot.
392 516 421 579 p.
452 494 523 571 132,
551 493 680 576 Reisigii
704 493 799 558 schol.
824 495 889 560 Lat.
913 518 942 581 p.
968 498 1045 576 225,
1070 498 1169 561 Curtii
1192 506 1288 583 temp.

151 607 182 663 ut
211 597 291 663 rnod.
321 620 348 683 p.
377 600 457 674 291,
485 597 546 661 nisi
574 596 656 681 quod
677 597 840 683 Zumptius
865 600 883 684 ξ
909 602 970 667 162
993 621 1147 686 syncopen
1167 601 1290 665 litterae

150 730 165 767 c
196 702 314 767 statuit.
360 703 410 767 Ab
445 701 494 767 his
523 702 666 766 omnibus
694 701 849 787 discrepat
871 703 1041 768 Corssenus
1064 705 1094 768 II
1117 728 1145 790 p.
1171 708 1290 772 13611

150 809 249 891 syrnb.
286 806 352 871 erit.
386 828 415 893 p.
447 807 509 873 537
534 826 579 888 sq.
612 807 675 872 539
699 826 743 890 sq.
771 812 852 870 recte
880 808 940 871 nisi
972 808 1063 873 fallor
1085 809 1227 872 iudicans
1251 831 1289 873 ex

150 910 272 977 ‹luobus
294 909 435 977 1111111111
458 909 592 973 alterurn
613 912 693 973 ibam
716 910 865 973 sermonis
881 933 953 975 vero
975 912 1095 995 antiqui
1116 933 1193 992 esse,
1217 934 1288 976 cum

150 1016 228 1081 ulter
251 1016 343 1079 1111111
367 1022 475 1101 postea
496 1013 619 1078 demum
636 1035 673 1076 ex
688 1013 829 1095 analogia
844 1013 1107 1098 E-ooniugationis
1123 1016 1287 1081 exstiterit.

149 1118 241 1185 ’111111
289 1118 385 1199 igitur
432 1118 545 1182 iorrnas
579 1117 720 1181 Catullus
756 1125 818 1180 tres
853 1119 1016 1203 usurpavit
1061 1140 1136 1203 quas
1176 1121 1287 1184 aliero:

151 1222 350 1288 ‹aristodibant
388 1221 518 1300 txlfll,
563 1224 637 1288 319.
674 1222 796 1287 scibant
839 1222 999 1303 vaflb,
1044 1225 1094 1289 85.
1138 1223 1289 1289 audibant

153 1325 383 1395 1111111111.
418 1326 464 1390 Ex
490 1325 540 1389 his
562 1327 693 1390 formam
715 1332 835 1390 tantum
858 1328 974 1390 scibant
996 1328 1114 1392 codices
1136 1328 1287 1410 integram

149 1439 322 1511 enarrarunt,
346 1429 379 1493 in
399 1431 508 1494 ceteris
530 1451 640 1495 manus
656 1430 852 1495 librariorum
867 1432 1060 1514 agnoscimus
1076 1433 1128 1516 qui
1146 1432 1288 1517 imperite

151 1538 262 1601 11111111
287 1535 426 1619 vulgares
454 1541 552 1599 metro
575 1533 786 1598 incommodas
809 1543 1013 1600 correxerunt.
1038 1574 1077 1583 —
1103 1536 1202 1611 Quam
1224 1536 1287 1600 late

148 1648 251 1723 turtum
290 1638 423 1725 patuerit
454 1638 503 1702 vel
541 1638 624 1724 apud
661 1639 846 1724 posteriores
883 1640 940 1703 hoc
977 1639 1147 1725 scripturae
1178 1662 1286 1723 genua,

149 1744 262 1831 rqrtirne
300 1742 457 1807 declarant
495 1742 554 1807 loci
592 1762 669 1825 quos
701 1743 791 1808 Nevii
825 1743 988 1826 diligentia
1017 1744 1048 1808 Π
1081 1767 1111 1830 p.
1143 1748 1206 1810 346
1239 1765 1285 1828 sq.

147 1847 279 1929 oottogit.

237 1954 267 2017 4.
305 1951 467 2015 Praeterea
504 1958 539 2016 ut
576 1952 607 2014 in
644 1951 820 2035 imperfecto
851 1952 1103 2034 l-coniugationis
1141 1953 1287 2017 suffixum

149 2055 231 2123 illud
267 2056 348 2119 ibana
386 2076 441 2142 pro
472 2056 613 2140 pleniore.
643 2056 742 2120 forma
764 2056 907 2120 adhibere
929 2056 1015 2120 nullo
1039 2056 1128 2140 plane
1149 2064 1287 2142 tempore

149 2161 306 2225 desierunt
342 2169 463 2244 poetae,
502 2161 548 2224 ita
569 2182 608 2224 ne
628 2160 723 2223 futuri
747 2158 873 2241 quidem
896 2160 1034 2224 eiusdem
1059 2161 1284 2245 coniugationis

146 2265 246 2351 prisco
279 2265 375 2328 in-a'bo
402 2263 562 2327 terminati
595 2264 719 2327 omnino
749 2264 874 2327 evanuit
896 2264 1028 2329 imitatio
1057 2265 1287 2348 aemulatioque

147 2371 184 2435 cl.
209 2369 241 2433 L.
264 2368 433 2433 Muellerus
456 2369 494 2433 de
517 2390 550 2431 re
572 2374 661 2430 metr.
684 2388 713 2451 p.
738 2370 811 2433 402.
856 2368 956 2452 Atque
979 2368 1070 2431 huius
1092 2368 1287 2432 formationis

146 2494 244 2538 unum
267 2473 301 2536 111
323 2472 480 2538 codicibus
504 2470 689 2535 Catullianis
712 2470 888 2556 exemplum
910 2479 1050 2557 superest
1071 2472 1156 2550 XXI,
1181 2474 1200 2536 6
1230 2473 1286 2538 ubi
1307 2537 1311 2543 ,

146 2577 221 2644 libri
258 2577 368 2664 optimi
405 2576 572 2659 capelades
608 2575 660 2639 vel
688 2577 843 2657 caperetis
869 2576 1081 2661 suppeditant,
1120 2576 1202 2641 unde
1229 2598 1286 2641 nec

147 2682 226 2747 inter
254 2683 374 2768 priores
401 2703 458 2745 nec
480 2681 560 2746 inter
582 2679 765 2744 recentiores
788 2680 950 2744 defuerunt
972 2681 1027 2763 qui
1050 2680 1162 2744 veteris
1185 2681 1282 2745 futuri

147 2788 277 2851 formam
301 2787 455 2870 eapera'ba'c
478 2784 535 2850 hoc
557 2786 623 2849 loco
646 2782 838 2849 scribendam
855 2805 922 2848 esse
938 2790 1081 2869 putarent
1096 2792 1130 2847 ut
1145 2784 1285 2848 Muretus

150 2890 287 2973 Scaliger
332 2912 444 2975 eosque
481 2896 605 2955 secutus
642 2888 859 2956 Rossbachius.
920 2891 1111 2972 Quamquam
1149 2888 1174 2950 si
1213 2888 1284 2970 quis

147 2995 297 3060 orationis
324 3000 510 3059 structuram
538 2994 570 3057 in
598 2994 656 3057 hac
678 2994 821 3058 carminis
843 3001 928 3079 parte
953 2992 1002 3059 vel
1026 2991 1126 3058 obiter
1148 2992 1285 3057 conside-

30 3142 34 3149 ·
146 3099 276 3179 raverit,
309 3099 404 3164 futuri
434 3098 521 3162 nulla
554 3097 673 3161 ratione
700 3098 751 3162 hic
773 3098 874 3162 locum
897 3119 964 3162 esse
986 3117 1077 3182 posse
1099 3095 1287 3161 confidenter

146 3203 283 3270 habebit.
322 3204 400 3269 Nam
422 3203 460 3267 de
482 3223 514 3266 re
537 3202 692 3287 praesenti
715 3224 786 3267 cum
808 3208 927 3284 agatur,
950 3201 1090 3283 singulae
1113 3200 1285 3264 sententiae

147 3309 237 3374 etiam
276 3308 491 3397 praesentibus
526 3307 715 3391 temporibus
749 3308 914 3370 efferantur
946 3325 1071 3369 necesse
1098 3312 1160 3380 est,
1198 3303 1286 3368 velut

146 3421 227 3479 recte
265 3436 333 3478 1111
370 3412 529 3497 excipiunt
566 3410 626 3474 ita:
663 3431 735 3473 nam
773 3410 869 3473 simul
902 3429 935 3472 es
958 3445 999 3455 —
1022 3407 1133 3471 iocaris
1155 3427 1218 3470 una
1242 3445 1283 3455 -

145 3521 254 3584 haeres
277 3519 317 3584 ad
339 3519 431 3583 latus.
471 3514 552 3590 Quid
574 3513 687 3598 igitur?
709 3534 785 3577 num
805 3512 952 3578 credibile
968 3513 1111 3595 cuiquam
1126 3511 1283 3577 videbitur

148 3630 272 3709 poetam
295 3620 558 3707 elegantissimum
576 3619 610 3682 in
633 3618 795 3682 enunciato
811 3616 1013 3700 subsequenti
1029 3615 1283 3701 aequabilitatem

145 3727 297 3792 sermonis
331 3734 446 3791 temere
476 3723 646 3808 neglexisse
677 3721 794 3786 adiecto
822 3728 959 3806 tempore
988 3720 1091 3786 futuro
1116 3719 1207 3805 plane
1236 3719 1282 3782 in-

145 3829 325 3898 tolerabili?
368 3831 399 3895 A
421 3849 513 3894 sensu
536 3827 632 3912 igitur
653 3847 777 3913 prorsus
799 3825 939 3911 ineptum
962 3830 1010 3887 est
1022 3822 1102 3887 illud
1117 3823 1281 3905 caperetis,

145 3957 207 4001 non
228 3936 304 4000 item
326 3956 345 3998 a
368 3933 474 4013 forma,
499 3932 527 3998 11
549 3931 675 4015 quidem
698 3930 841 4015 leguntur
862 3926 945 4014 apud
962 3927 1107 3992 Plautum
1123 3933 1154 3991 et
1169 3927 1282 3991 Teren-

145 4041 223 4105 tium
246 4041 340 4105 verba
369 4037 555 4124 deponentia
581 4057 659 4120 quae
681 4035 813 4099 activam
834 4032 1081 4098 terminationem
1103 4030 1282 4111 induerunt,

145 4143 233 4210 velut
253 4147 421 4224 comperior
448 4146 479 4204 et
501 4144 661 4221 comperio,
691 4141 808 4220 largiar
830 4144 861 4201 et
882 4137 1026 4218 illorpido
1050 4136 1163 4218 quibus
1185 4134 1282 4199 utitur

145 4247 232 4313 Roe'
282 4245 354 4310 ”rs
390 4246 425 4309 in
461 4243 565 4308 adnot.
604 4243 670 4309 crit.
708 4264 738 4327 p.
766 4241 803 4306 X.
842 4241 893 4325 (el.
922 4241 1034 4305 Struve
1055 4239 1075 4303 l.
1099 4260 1129 4302 n.
1152 4260 1183 4323 p.
1208 4238 1280 4315 152,

145 4350 150 4357 ’
367 4351 428 4416 341
459 4349 519 4431 sq.)
564 4347 607 4410 At
629 4367 701 4411 vero
731 4366 769 4409 ne
791 4344 880 4431 plura
904 4345 996 4409 verba
1016 4343 1164 4407 iaciamus
1187 4341 1225 4406 de
1248 4363 1281 4407 re
