2872 4852
125 428 164 469 ne
195 406 352 491 pedestres
383 407 505 490 quidem
536 406 699 491 scriptores
723 406 902 472 dubitarunt
924 408 1078 472 breviores
1105 408 1177 472 illas
1200 430 1265 472 ver-

126 513 234 575 borum
275 512 385 575 formas
410 511 591 597 praesertim
618 511 711 574 futuri
740 511 837 575 exacti
865 512 1021 575 interdum
1050 511 1195 577 adhibere
1227 515 1265 577 cf.

125 614 238 697 Reisig.
273 615 365 680 schol.
398 617 461 679 Lat.
493 616 511 698 ξ
543 617 604 680 144
627 615 647 677 d
670 637 737 678 eum
762 622 834 679 nota
856 616 973 679 Haasii.
1019 615 1106 692 Quae
1129 639 1197 681 cum
1221 618 1266 682 ita

126 720 199 796 sint,
224 719 273 782 vix
297 720 459 802 quisquam
483 718 647 782 mirabitur
670 718 752 801 quod
775 719 869 782 etiam
892 721 973 805 apud
991 720 1146 784 Catullum
1168 721 1266 785 multa

126 824 279 888 eiusmodi
308 822 459 909 voeabula
489 823 635 887 mutilata
663 823 862 887 inveniuntur
893 834 923 887 et
949 825 1032 907 quod
1054 846 1127 890 sane
1149 826 1264 889 mirum

125 936 172 992 est
200 928 297 992 multo
327 927 501 1012 compluria
523 947 615 1009 quarn
646 927 679 989 in
702 928 836 991 carmine
860 928 1049 995 Lucretiano.
1096 929 1142 992 En
1166 929 1265 994 habes

127 1031 288 1117 exempla:
329 1053 381 1094 sex
417 1031 575 1095 indicativi
608 1032 733 1117 perlecti
762 1053 839 1114 quae
868 1041 941 1096 sunt
968 1029 1055 1097 misti
1082 1032 1186 1111 XIlIl,
1218 1036 1266 1099 14.

125 1136 205 1200 luxti
229 1136 341 1215 LXVI,
375 1140 426 1201 21.
448 1136 605 1220 subrepsti
629 1135 793 1215 LXXVll,
820 1136 848 1202 3.
873 1137 963 1201 duxti
987 1137 1160 1216 LXXXXl,
1186 1141 1204 1202 o
1228 1140 1265 1202 ef.

124 1241 259 1325 Propert.
284 1242 313 1318 1,
337 1243 371 1317 3,
402 1242 451 1305 27.
481 1240 626 1304 abstersti
649 1240 898 1319 LXXXXVlllI,
928 1241 958 1308 8.
984 1243 1124 1327 promisti
1149 1243 1217 1322 CX,
1245 1245 1265 1308 3

124 1344 162 1408 cf.
186 1344 285 1411 Plaut.
312 1344 397 1410 Cure.
424 1346 494 1410 7115,
521 1346 592 1409 too.
638 1344 758 1408 Terent.
784 1344 873 1407 Adel.
905 1345 975 1409 940.
1001 1345 1110 1409 deinde
1134 1368 1229 1410 unum
1242 1347 1265 1433 ¹)

125 1449 312 1513 coniunctivi
346 1449 386 1534 pf,
428 1448 503 1512 locis
536 1455 666 1531 quatuor
695 1448 820 1513 obvium
850 1450 932 1513 ausit
957 1449 1039 1528 LXl,
1064 1450 1114 1516 65.
1139 1458 1188 1517 71).
1214 1452 1264 1516 to.

124 1552 239 1630 LXVI,
270 1555 311 1618 28
339 1553 475 1635 itemque
504 1574 597 1615 unum
632 1552 779 1641 infinitivi
805 1553 881 1637 perf.
909 1554 1060 1638 promisse
1093 1554 1162 1631 CX,
1193 1557 1267 1621 5et

123 1657 284 1721 indicativi
315 1657 411 1721 luturi
438 1657 536 1720 exacti
564 1677 687 1741 recepse
715 1679 751 1719 ex
775 1658 959 1741 receper(s)o
983 1656 1182 1736 XXXXllll,
1220 1659 1265 1723 19.

126 1760 171 1823 De
200 1762 344 1824 univorsa
376 1783 409 1823 re
438 1760 591 1845 praeclare
619 1760 765 1823 disseruit
793 1760 962 1826 Corssenus
992 1761 1023 1823 ll
1053 1784 1081 1846 p.
1110 1761 1173 1827 553
1200 1780 1266 1844 sqq.

345 1954 373 2007 d.
404 1953 446 2006 De
465 1951 681 2020 contractione,
700 1951 828 2019 synizesi
847 1954 878 2007 ot
896 1953 1047 2020 synaerosi

126 2057 165 2121 ad
188 2078 265 2140 quas
289 2057 322 2120 in
344 2056 553 2139 grammaticis
576 2056 624 2118 his
648 2056 739 2120 rebus
761 2077 843 2119 rruno
866 2057 1048 2133 transimus
1076 2057 1151 2120 haec
1173 2056 1266 2119 habe·

124 2182 195 2224 mus
218 2182 296 2243 quae
319 2161 352 2223 in
376 2161 511 2224 medium
538 2161 740 2245 proferamus:

215 2269 240 2329 1.
282 2265 505 2329 Contractionis
541 2265 578 2327 de
611 2285 673 2348 qua
706 2265 837 2349 primum
860 2265 950 2328 nobis
974 2263 1186 2328 disserendum
1209 2272 1265 2344 est,

123 2370 396 2452 frequentissimus
418 2391 495 2432 usus
518 2369 650 2432 cernitur
672 2369 705 2431 in
731 2369 870 2453 perlectis
894 2376 950 2434 act.
975 2368 1084 2432 suffixo
1107 2375 1141 2432 ci
1159 2369 1265 2432 termi-

122 2473 214 2540 natis.
261 2473 411 2538 Consistit
441 2481 544 2538 antem
575 2473 604 2536 in
637 2493 687 2551 eo,
721 2480 756 2537 ut
779 2473 899 2538 vocales
928 2472 1121 2557 copulativae
1152 2473 1265 2555 quibus

125 2578 264 2662 singulae
293 2579 372 2642 inter
395 2600 427 2642 se
451 2577 683 2661 distinguuntur
706 2577 945 2661 coniugationes
974 2576 1078 2640 littera
1100 2601 1117 2639 o
1141 2585 1266 2642 extrusa

124 2704 194 2746 cum
218 2683 375 2746 vocalibus
403 2707 418 2744 c
450 2689 479 2745 et
510 2688 525 2744 2'
544 2703 597 2766 per
620 2702 695 2763 quas
719 2682 840 2745 termini
864 2681 1085 2763 adiunguntur,
1118 2682 1149 2744 in
1172 2703 1264 2745 unam

125 2786 278 2870 syllabam
311 2786 482 2850 coalescant
512 2786 562 2857 (cs.
588 2786 650 2849 Cic.
679 2806 723 2848 or.
746 2788 787 2850 47
813 2790 832 2864 ξ
858 2785 943 2870 157).
991 2786 1090 2867 Atque
1112 2794 1265 2870 correptas

125 2891 183 2981 hoc
220 2891 311 2954 modo
346 2894 511 2955 verborum
548 2892 661 2953 formas
698 2909 776 2971 quae
813 2889 945 2952 maxime
988 2889 1086 2973 poetis
1129 2890 1265 2954 cuiusvis

124 2997 242 3077 generis
267 3007 297 3058 et
320 2995 428 3059 aetatis
452 2981 524 3058 sunt
546 2995 677 3059 usitatae
701 2993 737 3055 do
758 3015 852 3057 eausa
867 2995 942 3057 satis
958 2992 1103 3072 dilucida,
1128 3004 1266 3080 exparte

125 3101 175 3163 vel
218 3121 328 3186 prosae
366 3099 527 3184 scriptores
561 3099 619 3164 sibi
652 3106 883 3177 concesserunt,
922 3101 997 3180 quin
1024 3120 1139 3184 paucae
1162 3108 1266 3163 extant

125 3224 203 3286 quas
235 3204 296 3267 nisi
327 3210 495 3267 contractas
526 3226 599 3266 usus
627 3204 797 3267 communis
824 3225 884 3267 non
917 3203 1059 3288 probavit
1086 3203 1122 3266 ef.
1151 3203 1263 3287 Reisig.

123 3307 142 3373 l.
167 3329 196 3371 n.
222 3313 241 3389 ἓ
268 3307 354 3372 1431)
378 3329 447 3370 crim
470 3314 542 3370 nota
564 3307 680 3370 Haasii.
730 3307 846 3371 (tatulli
867 3308 989 3389 quidem
1013 3313 1049 3370 ut
1071 3327 1263 3392 apponamus

123 3412 229 3475 talium
263 3413 427 3476 formarum
462 3411 615 3496 exempla,
655 3432 733 3493 quae
766 3412 840 3475 trita
873 3420 945 3474 sunt
968 3410 1155 3490 omittimuS,
1193 3433 1262 3474 cum

125 3538 232 3601 parum
263 3516 300 3579 ad
332 3538 387 3581 nos
417 3516 604 3600 pertineant,
639 3516 692 3580 sed
715 3521 885 3580 memoratu
907 3515 1000 3598 digna
1021 3515 1097 3577 haec
1121 3514 1264 3578 videntur

124 3642 161 3682 ex
185 3620 292 3684 ordine
315 3619 564 3704 coniugationum
587 3621 750 3706 disposita:
775 3619 922 3683 adiurarit
946 3618 1052 3698 LXVI,
1073 3619 1124 3684 41.
1149 3619 1264 3682 inerint

124 3724 201 3789 ibid.
228 3726 276 3790 18.
299 3727 472 3808 requierant
496 3726 647 3791 LXXIlll,
683 3727 710 3790 7.
733 3724 905 3806 requiesset
927 3723 1055 3800 LXIlll,
1091 3724 1160 3787 176.
1183 3723 1265 3787 tristi

125 3827 237 3909 LXVI,
272 3829 322 3895 30.
354 3830 427 3893 siris
456 3830 531 3895 ibid.
564 3832 614 3891 si.
645 3828 757 3913 cupisti
781 3827 853 3906 XV,
892 3828 920 3891 3.
953 3827 1097 3911 nequisse
1119 3827 1198 3905 llll,
1232 3829 1262 3890 4.

128 4007 340 4015 --—-—-..—
349 4010 371 4015 -..
380 4009 409 4014 -..
419 4010 431 4014 ..

214 4127 239 4192 1)
266 4128 367 4191 ,Nescio
401 4143 434 4178 an
466 4127 515 4178 huc
547 4127 625 4178 etiam
655 4127 783 4193 pertineat
814 4124 954 4192 ,tepefaxit‘
988 4124 1056 4192 quod
1084 4125 1263 4178 Lachmannus

125 4214 263 4279 vaffla,
292 4215 324 4266 111
350 4216 405 4266 loco
424 4215 526 4279 ineptae
546 4213 690 4266 traditionis
709 4212 846 4279 ,tepefacit
865 4214 1010 4264 coniectura
1027 4216 1161 4264 assecutus
1182 4215 1222 4264 est
1239 4216 1265 4264 et

123 4302 317 4368 simplicissima
335 4306 362 4353 et
380 4301 522 4368 aptissima,
542 4302 582 4352 eui
603 4300 677 4350 multi
696 4299 815 4350 faverunt
832 4304 861 4351 ut
873 4300 1001 4366 Ilauptius
1018 4299 1045 4350 in
1058 4298 1170 4351 editione
1180 4299 1263 4365 priore

123 4388 235 4456 lleysius
255 4388 437 4440 Rossbachius.

1089 4473 1106 4524 4
