2872 4852
213 342 294 414 illud
307 341 347 414 ¹ei
368 350 400 413 in
421 348 692 416 terminationibus
715 350 866 415 secundae
890 350 1106 415 declinationis
1129 357 1249 435 praeter
1264 346 1346 416 solos

213 455 332 519 dativos
368 466 398 518 et
429 449 583 520 ablativos
605 456 683 540 plur.
707 457 822 518 in-eis
854 456 955 518 liuitos
986 477 1049 519 nou
1079 463 1142 519 tam
1166 456 1347 540 diphthongi

214 561 277 624 vim
300 560 444 624 habuISse
477 581 570 641 quam
592 560 728 622 medium
760 561 914 642 quendam
948 560 1027 623 inter
1050 583 1065 623 e
1088 567 1118 624 et
1139 566 1153 622 e'
1175 581 1285 624 sonum
1307 561 1347 623 si-

211 664 368 747 gnificasse
385 664 422 729 cf.
440 665 607 727 Corssonus
623 664 646 742 l,
670 686 699 747 p.
722 664 792 731 751.
812 664 883 730 768.
908 665 969 727 787
991 684 1036 746 sq.
1051 665 1106 727 ·Et
1121 665 1252 747 priscam
1268 665 1348 727 hano

211 768 365 848 scribendi
400 769 651 831 consuetudInom
674 767 814 831 Catullus
848 768 1067 852 dactylicorum
1099 769 1236 831 omnium
1258 769 1348 851 longe

213 872 460 955 frequentissime
485 872 683 934 -carmInibus
718 872 867 956 expressit
904 873 991 935 velut
1027 872 1165 936 indicant
1200 873 1233 935 hi
1270 872 1345 936 loci:

200 977 353 1040 ¹Romulei
388 976 538 1058 Remiquo
576 976 719 1054 XXVIII,
759 977 808 1054 15,
846 976 981 1060 pulveris
1018 976 1132 1040 AfrIeoi
1163 976 1243 1054 LXI,
1284 977 1346 1043 206

215 1082 267 1165 (cf.
292 1081 453 1157 Schwabe,
488 1082 582 1165 praef.
611 1080 682 1146 edit.
707 1103 736 1164 p.
759 1080 881 1143 XVIIII
905 1087 936 1144 et
958 1079 1112 1158 XXVIII),
1136 1080 1233 1143 multa
1259 1080 1349 1142 milia

214 1184 299 1248 ludei
342 1184 418 1250 ibid.
442 1187 514 1250 210.
540 1184 665 1246 domina
688 1184 853 1268 Dindymei
875 1184 984 1263 LXIII,
1008 1184 1059 1250 91.
1087 1206 1101 1246 e
1125 1184 1240 1248 vertice
1262 1173 1349 1246 Pelei

153 1348 155 1352 Α
214 1289 336 1365 LXllll,
362 1287 434 1351 278.
457 1289 521 1351 fata
536 1310 659 1371 gemens
683 1288 774 1371 ltyloi
791 1288 839 1371 Ol,
859 1289 907 1351 m.
932 1288 1051 1365 Quibus
1067 1287 1173 1350 lormis
1189 1286 1293 1350 nescio
1310 1309 1347 1349 an

213 1402 293 1457 recto
309 1392 556 1455 adnumeranilao
580 1393 642 1455 sint
659 1392 887 1455 emendationes
906 1392 1091 1455 Lachmanni
1106 1393 1209 1475 gnatei
1223 1393 1349 1470 LXVII,

189 1559 192 1564 ,
216 1497 256 1561 23
281 1506 311 1561 et
334 1497 432 1560 taurei
456 1496 564 1574 LXIII,
592 1498 631 1559 10
648 1503 677 1560 et
692 1497 773 1560 veroi
798 1497 927 1580 pectoris
944 1496 1052 1574 LXVI,
1078 1499 1128 1560 74.
1145 1502 1212 1560 tum
1225 1497 1347 1576 Klotzii,

214 1600 423 1665 emendent.
447 1622 476 1684 p,
501 1599 576 1662 Xlll
608 1600 744 1684 antiquei
771 1600 931 1678 xxxl'iri,
963 1599 1003 1663 23
1033 1622 1068 1663 ac
1091 1601 1244 1664 Schwabii
1267 1600 1348 1663 illud

111 1703 114 1708 ’
214 1705 349 1788 coniugis
377 1710 464 1767 coeci
488 1703 644 1781 vailib,
676 1709 715 1768 ai
734 1706 777 1768 cf.
802 1704 939 1767 ciusdem
969 1705 1089 1779 Quaest.
1113 1706 1178 1770 Cat.
1202 1706 1216 1766 l
1239 1727 1269 1789 p.
1288 1707 1350 1770 1521

213 1809 319 1873 Dativi
343 1806 485 1891 exempla
500 1818 714 1872 remanserunt
728 1810 845 1890 integra
858 1807 925 1888 tria,
949 1828 1026 1890 quae
1042 1815 1114 1872 sunt
1129 1808 1271 1871 Herculei
1286 1809 1349 1888 LV,

217 1917 265 1978 13.
290 1912 378 1976 crode
402 1912 480 1974 lucei
503 1911 578 1977 ibid.
605 1915 653 1978 lo.
678 1913 832 1997 subrepsti
852 1912 913 1976 mei
936 1912 1088 1989 LXXVII,
1112 1915 1132 1977 3
1155 1913 1191 1978 cf.
1216 1913 1295 1977 sibei
1318 1913 1348 1974 in

216 2017 272 2082 SC.
298 2017 335 2080 de
358 2015 519 2095 llacchan,
542 2016 603 2079 mei
626 2016 738 2080 misero
760 2016 877 2080 Novius
900 2019 951 2082 48.
976 2016 1120 2080 Vocativi
1148 2037 1244 2079 unum
1267 2022 1350 2078 extat

215 2121 303 2184 Furei
327 2120 441 2204 XXIII,
476 2124 502 2197 l,
536 2120 588 2183 sed
623 2120 693 2183 Furi
716 2120 828 2197 XXVI,
862 2120 884 2186 I.
922 2120 1064 2184 Ablativi
1097 2120 1174 2183 item
1206 2141 1303 2182 unum
1332 2141 1350 2181 a

214 2225 311 2288 marei
332 2225 405 2301 llll,
439 2223 480 2288 23
513 2223 595 2305 quod
623 2223 836 2287 Lachmannus
868 2224 1046 2287 ocovlicum
1074 2224 1204 2287 lectione
1238 2232 1351 2286 cineret

215 2328 398 2413 simpliciter
430 2327 557 2393 oll'inxit.
592 2326 807 2390 NominatIvus
839 2329 916 2411 plur.
949 2328 1044 2391 semel
1078 2327 1160 2412 apud
1193 2327 1350 2391 Catullum

206 2434 298 2516 hanc
325 2433 453 2495 formam
489 2439 567 2493 corto
599 2431 701 2494 induit
722 2431 754 2493 in
779 2431 869 2494 bonei
893 2432 1036 2515 coniuges
1058 2431 1136 2511 LXI,
1162 2431 1234 2495 ²232.
1258 2439 1351 2494 atne

215 2537 342 2609 minima
379 2535 501 2618 quidem
539 2535 616 2597 mihi
647 2535 798 2600 dubitatio
832 2542 896 2609 ost,
930 2536 1006 2618 quin
1040 2536 1144 2600 codem
1180 2536 1352 2621 pertineant

217 2640 371 2705 Sehvabii
394 2646 423 2703 et
439 2638 621 2704 llossbachii
645 2645 720 2722 paee
740 2638 822 2722 quod
844 2639 898 2703 ille
920 2639 957 2717 X,
982 2641 1033 2718 22,
1057 2640 1106 2703 hio
1130 2640 1213 2718 XVI,
1239 2643 1278 2704 12
1298 2661 1350 2723 pro

216 2746 362 2809 librorum
407 2745 570 2816 traditione
614 2765 675 2827 que
718 2743 864 2825 restituit,
910 2766 998 2829 porro
1035 2745 1223 2808 Lachmanni
1267 2751 1354 2807 nocer?

218 2849 287 2912 libri
303 2848 401 2927 XXII,
426 2850 445 2910 6
463 2855 491 2911 et
507 2848 651 2931 Sealigori
669 2847 743 2911 scito
758 2848 918 2911 inventum
941 2849 1074 2928 „rivales
1095 2854 1189 2911 soee'ee'
1201 2847 1350 2932 puellula-

219 2959 308 3015 rum“
331 2951 427 3030 LVII,
460 2956 479 3018 9
509 2953 671 3035 probatum
703 2962 733 3016 et
762 2952 922 3016 defensum
949 2956 987 3018 ab
1010 2953 1147 3037 Hauptio
1175 2953 1207 3015 in
1235 2955 1355 3017 observ.

217 3058 283 3122 crit.
308 3078 338 3141 p.
361 3057 414 3119 41.
450 3055 590 3137 Denique
620 3056 678 3118 hoe
707 3076 802 3138 genus
830 3056 998 3141 scripturae
1025 3078 1124 3138 usque
1151 3056 1189 3119 ad
1218 3065 1356 3141 tempora

217 3161 352 3244 Augusti
384 3159 536 3223 latissime
567 3163 692 3243 patebat
719 3160 752 3222 in
775 3159 889 3223 dativis
912 3169 942 3224 et
964 3160 1109 3226 ablativis
1133 3182 1202 3223 cum
1225 3160 1356 3223 aliorum

222 3266 386 3329 vorborum
416 3272 483 3327 tum
516 3264 676 3327 nominum
709 3264 869 3349 praecipue
900 3265 1100 3348 populorum,
1137 3271 1172 3327 ut
1205 3269 1357 3328 testantur

220 3371 338 3432 formae
361 3369 500 3432 Sede'nee'e
522 3369 683 3430 Etreeeeee'e
707 3368 884 3449 Geerpeme'e
907 3367 1025 3431 similes
1048 3367 1126 3430 aliae
1154 3388 1228 3449 quas
1251 3368 1357 3431 attulit

220 3473 389 3537 Corssonus
413 3472 428 3533 l
451 3494 480 3556 p.
506 3474 578 3535 761.
616 3473 652 3534 ln
675 3472 830 3537 codicibus
854 3472 981 3554 quidem
997 3471 1109 3534 Catulli
1124 3478 1243 3555 praeter
1258 3494 1356 3535 unum

219 3585 342 3641 certum·
373 3576 548 3660 exemplum
581 3559 679 3639 aureis
709 3575 878 3653 XXXXVI,
916 3576 935 3638 3
964 3597 1054 3660 saepe
1085 3575 1213 3658 vestigia
1235 3584 1355 3640 tantum

209 3682 340 3766 'priscae
377 3680 505 3744 rationis
543 3681 673 3744 obscura
704 3679 892 3745 delituerunt
924 3680 1012 3744 velut
1040 3680 1108 3757 XII,
1144 3681 1184 3742 14
1218 3683 1357 3744 ealee'leeee

221 3785 369 3849 traditum
400 3792 448 3848 est
470 3805 522 3866 pro
546 3806 584 3847 ece
605 3786 759 3862 Hetereio,
785 3785 894 3849 deinde
917 3784 1048 3863 XVIl,3
1073 3783 1124 3849 ubi
1147 3793 1217 3869 post
1239 3785 1354 3848 Handii

221 3889 430 3953 coniecturam
452 3891 561 3952 casales
577 3888 755 3952 Schwabius
778 3888 816 3953 ad
839 3889 983 3953 carminis
999 3887 1194 3968 LXXXXVI,
1220 3893 1233 3953 1
1260 3890 1356 3951 forma

218 3993 418 4075 antiquarum
451 3993 622 4057 litterarum
659 4014 693 4055 ec
729 3996 827 4058 saleis
863 3993 1035 4058 accuratius
1070 4013 1213 4077 expressa
1249 3992 1355 4076 potius

222 4099 346 4160 ceruleis
360 4096 522 4179 legendum
540 4102 652 4173 censet,
669 4097 769 4162 nescio
781 4118 820 4160 an
832 4098 949 4163 leviore
961 4097 1153 4161 muntatione
1168 4097 1301 4159 ecsalee'e
1310 4117 1354 4158 re-

224 4201 419 4266 scribendum
443 4201 484 4264 sit
505 4201 571 4264 loco
596 4199 737 4282 vulgatae
760 4200 899 4265 lectionis
922 4204 1049 4268 corales.
1074 4200 1222 4264 Similiter
1236 4199 1356 4262 librarii

222 4305 290 4352 [Ἢ
316 4309 379 4373 ’222
394 4310 516 4368 e'necr'eis
540 4304 571 4367 in
588 4309 717 4367 e'rerce'eae
733 4312 764 4369 et
779 4307 887 4385 LXVI,
911 4306 952 4369 58
969 4307 1129 4388 Cencpe'ee'e
1145 4303 1179 4366 in
1194 4303 1355 4385 Cenope'ee'c
