2872 4852
704 227 726 291 6

148 415 297 481 vertendo
320 413 493 500 explicasse
515 420 569 479 ant
591 414 746 480 imitatum
774 415 870 481 fuisse
895 413 1020 478 indiciis
1041 413 1152 479 multis
1174 416 1284 499 proba·

147 526 206 585 tur.
252 518 341 598 Quod
362 517 444 582 uude
467 518 603 584 evenerit
625 518 748 584 omnino
773 525 898 584 nonest
919 518 1066 603 ignotum.
1111 517 1178 582 Illis
1201 517 1284 582 enim

147 623 341 710 temporibus
365 645 496 708 quorum
518 623 653 688 rationes
675 645 712 688 ex
740 631 827 709 parte
849 623 911 687 iam
934 643 1028 707 supra
1047 621 1283 701 illustravimus,

148 750 219 793 cum
241 728 374 792 Romani
397 734 428 793 et
457 727 673 811 frequentibus
699 727 861 792 itineribus
888 727 921 791 in
944 726 1104 791 Graeciam
1133 726 1221 790 factis
1253 733 1284 790 et

148 852 301 898 concursu
323 832 485 897 bominum
506 831 662 897 nobilium
692 837 723 895 et
755 830 961 896 litteratorum
992 829 1132 895 indidem
1154 830 1284 894 Romam

148 937 182 1000 in
206 935 271 1000 dics
300 941 451 1000 crescente
481 935 622 1000 notitiam
654 934 838 999 Graecarum
870 933 1042 999 litterarum
1068 934 1284 999 accuratiorem

147 1039 209 1106 sibi
231 1060 405 1124 comparare
428 1043 610 1125 coepissent,
633 1037 707 1122 quid
723 1039 835 1103 mirum
851 1044 916 1102 erat
930 1038 1012 1121 quod
1027 1039 1129 1102 minus
1146 1045 1284 1103 veterum

148 1164 242 1228 quam
263 1143 463 1208 recentiorum
487 1144 672 1228 scriptorum
694 1164 772 1227 quos
786 1142 1014 1207 Alexandrinos
1037 1142 1193 1228 appellare
1216 1164 1284 1208 con-

153 1248 313 1313 suevimus
336 1248 527 1333 exemplaria
554 1248 587 1311 in
617 1269 726 1312 manus
758 1267 865 1312 corum
893 1245 1085 1311 inciderunt?
1130 1249 1229 1324 Quare
1252 1252 1286 1310 ut

147 1353 231 1439 apud
255 1352 384 1416 Graecos
406 1358 479 1415 tunc
502 1352 638 1416 carmina
660 1351 745 1437 epica
767 1357 798 1416 et
820 1350 954 1434 elegiaca
974 1356 1132 1436 poetarum
1154 1350 1285 1415 Alexan-

100 1520 103 1527 ,
147 1457 304 1521 drinorum
326 1455 525 1541 potissimum
548 1456 580 1519 in
603 1476 662 1520 usu
684 1462 781 1536 erant,
802 1456 847 1520 ita
869 1454 962 1520 etiam
984 1454 1116 1520 Romani
1138 1454 1213 1518 haec
1236 1476 1284 1538 gc-

146 1583 222 1626 nera
244 1560 346 1646 poesis
370 1565 469 1624 aetate
492 1559 645 1625 Ciceronis
669 1566 699 1624 et
720 1559 858 1625 Caesaris
886 1559 1022 1624 studiose
1051 1558 1233 1624 lectitabant
1255 1565 1285 1623 et

145 1664 389 1748 imitabantur.¹)
433 1664 470 1727 ln
491 1663 601 1749 primis
626 1669 730 1728 autem
753 1670 840 1728 erant
862 1664 970 1728 horum
990 1663 1134 1747 aequales
1150 1663 1284 1726 minores

150 1769 206 1853 qui
229 1769 363 1833 carmina
384 1767 535 1851 quaedam
557 1767 683 1833 illorum
706 1768 890 1833 Graecorum
920 1775 974 1832 aut
998 1768 1032 1831 in
1053 1767 1200 1832 Latinum
1223 1788 1284 1831 ser-

145 1894 272 1937 monem
294 1877 509 1936 converterent
541 1879 595 1936 aut
618 1871 751 1956 vestigia
773 1893 879 1937 eorum
901 1872 991 1937 anxie
1013 1877 1187 1957 prementes
1210 1871 1285 1954 quid

147 1999 205 2041 sua
233 1977 363 2060 quisque
395 1974 514 2057 ingenii
542 1975 688 2041 facultate
717 1982 820 2062 posset
848 1976 1071 2062 experirentur,
1102 1976 1286 2041 itascilicet

148 2084 273 2142 uttam
297 2098 335 2140 ex
357 2085 507 2165 apparatu
533 2101 637 2144 rerum
665 2081 934 2166 geographicarum
961 2087 991 2145 et
1011 2079 1286 2164 mythologicarum

147 2180 398 2267 splendidissimo
422 2203 514 2266 quam
535 2205 573 2247 ex
595 2184 745 2249 orationis
760 2185 925 2249 insolentia
940 2205 1147 2267 versuumque
1166 2183 1285 2247 ratione

145 2285 322 2364 artificiosa,
346 2285 460 2370 quibus
483 2290 580 2352 rebus
604 2288 747 2354 omnibus
769 2287 998 2352 Alexandrinae
1019 2286 1121 2372 poesis
1145 2286 1286 2371 exempla

145 2389 237 2453 nimis
260 2390 423 2454 obscurata
445 2397 543 2468 erant,
567 2412 651 2455 more
674 2391 776 2476 apium
793 2391 898 2455 scdulo
914 2391 975 2455 mel
990 2391 1167 2474 colligerent
1188 2412 1285 2475 coque

148 2493 285 2557 carmina
307 2494 412 2579 paucis
442 2494 577 2580 exceptis
606 2501 660 2559 aut
680 2501 876 2580 praematura
897 2503 952 2560 aut
973 2496 1139 2559 immatura
1161 2496 1284 2577 conglu-

146 2596 281 2660 tinarent
303 2597 354 2681 (cf.
378 2597 567 2665 Ribbcclius
590 2599 612 2666 l.
632 2621 662 2664 n.
685 2622 716 2686 p.
735 2601 774 2666 13
796 2601 867 2685 sq).
902 2599 1005 2682 Atque
1027 2599 1106 2663 hanc
1129 2599 1177 2662 sui
1208 2608 1284 2664 tem-

146 2700 233 2786 poris
256 2703 510 2767 consuetudinem
541 2710 662 2788 praeter
693 2703 771 2768 alios
805 2723 935 2786 quorum
966 2703 1091 2768 nomina
1118 2724 1156 2766 ex
1180 2703 1285 2767 Ovidii

146 2805 214 2869 loco
232 2805 380 2871 Tristium
402 2807 464 2871 iam
486 2808 648 2872 attulimus
670 2807 785 2892 quique
808 2807 960 2872 familiam
983 2806 1135 2891 quandam
1158 2808 1285 2872 efficien-

145 2915 193 2974 tes
215 2909 339 2974 nomine
362 2912 566 2991 „doctorum“
589 2932 691 2976 anon
712 2912 805 2976 nullis
821 2912 1097 2996 designabantur,2)
1121 2913 1213 2977 etiam
1230 2912 1285 2976 Ca-

145 3013 243 3078 tullus
266 3020 390 3078 secutus
420 3020 468 3078 est
493 3015 525 3079 in
548 3015 701 3100 plerisque
723 3017 915 3082 carminibus
938 3016 1080 3098 elegiacis
1110 3016 1223 3102 partim
1245 3015 1285 3079 ad

144 3117 329 3204 exemplaria
350 3117 531 3182 Callimachi
563 3119 729 3184 elaboratis
757 3120 871 3204 partim
892 3143 930 3185 ex
952 3120 1065 3185 iisdem
1088 3121 1196 3185 Latine
1227 3143 1279 3204 ex-

145 3222 281 3307 pressis:
316 3222 349 3286 id
387 3222 469 3306 quod
506 3223 670 3308 praecipue
707 3223 790 3288 cadit
827 3225 860 3288 in
895 3245 1013 3289 comam
1050 3225 1211 3288 Berenices
1245 3222 1284 3286 ad

147 3326 346 3390 Hortensium
383 3333 534 3391 oratorem
571 3327 707 3392 missam.
758 3327 899 3392 Forsitan
932 3328 993 3393 huc
1026 3328 1119 3391 etiam
1152 3327 1286 3411 pertinet

62 3506 65 3511 ,
149 3430 288 3516 epyllion
323 3430 405 3494 illud
443 3431 481 3494 de
516 3430 634 3514 nuptiis
669 3431 755 3495 Pelei
791 3439 823 3496 et
858 3431 1012 3509 Thetidis,
1054 3431 1137 3514 quod
1173 3432 1201 3496 si
1238 3453 1285 3496 ar-

151 3541 332 3617 gumentum
352 3535 593 3619 mythologicum
616 3540 646 3599 ct
667 3534 859 3618 frequentem
880 3557 898 3598 a
919 3555 953 3598 re
975 3533 1198 3616 digressionem
1220 3557 1286 3599 ora-

148 3637 244 3702 tionis
268 3639 302 3701 in
326 3658 361 3702 eo
393 3639 587 3724 perspicuam
620 3638 805 3717 consideras,
837 3660 908 3702 cum
939 3637 1146 3704 imitationem
1178 3646 1286 3724 poetae

147 3742 309 3807 cuiusdam
328 3742 532 3807 Alexandrini
558 3742 676 3806 redolet
703 3749 769 3807 tum
792 3751 916 3829 propter
946 3742 1112 3808 manifesta
1134 3744 1285 3827 quaedam

146 3845 288 3929 vestigia,
312 3866 390 3929 quae
405 3847 633 3931 Hertzbergius‚
657 3867 792 3914 convers.
810 3847 911 3914 Germ.
929 3848 970 3932 (a.
990 3847 1087 3933 1862)
1110 3869 1143 3933 p.
1161 3847 1220 3912 131
1239 3869 1284 3931 sq.

149 3957 232 4014 recte
263 3949 479 4036 deprehendit,
507 3972 546 4015 ex
570 3951 684 4016 Graeco
718 3951 852 4015 carmine
874 3951 1056 4016 Callimachi
1078 3972 1171 4035 quem
1192 3953 1284 4039 potis-

146 4054 260 4119 simum
288 4055 431 4134 Riesius,
462 4076 540 4123 mus.
563 4056 660 4122 Rhen.
683 4054 767 4120 XXI.
790 4077 819 4141 p.
836 4056 1008 4123 raa-509
1041 4056 1175 4139 intelligi
1206 4055 1284 4135 vult,

145 4213 300 4223 -----—

216 4299 242 4367 1)
260 4302 293 4355 cf.
311 4302 486 4356 Mommsenus
505 4301 566 4356 hist.
580 4301 654 4355 Rom.
666 4301 710 4355 111.
729 4318 755 4370 p.
768 4300 819 4356 570
831 4318 869 4370 sq.

212 4386 240 4455 2)
258 4389 291 4441 ct.
305 4387 357 4443 Cic.
376 4387 407 4440 de
425 4386 531 4445 divinat.
550 4389 591 4454 11,
609 4389 651 4457 64,
672 4387 730 4447 132.
767 4389 888 4446 Schwabe
904 4388 922 4443 l.
934 4405 960 4442 n.
979 4404 1005 4456 p.
1017 4388 1064 4443 311
1077 4402 1123 4456 sq.
