2872 4852
696 196 737 261 36

146 388 268 473 saepius
292 387 413 452 Catullo
437 388 561 451 fluctuat
583 368 753 450 Lucretius
768 386 822 469 qui
845 394 1010 472 praeeunte
1032 387 1132 452 Ennio
1154 410 1224 452 aran.
1244 390 1285 454 IS

144 500 174 556 et
197 500 271 575 trag.
302 495 365 558 200
389 500 509 574 ponar·
539 492 647 555 tertiae
677 491 820 555 attribuit
852 490 1059 574 coniugationi
1086 493 1116 555 in
1146 493 1187 572 lI,
1220 493 1285 556 653

144 597 284 679 quamvis
315 599 347 660 in
379 596 489 660 ceteris
521 616 598 678 quae
628 594 687 657 huc
714 595 864 678 pertinent
893 597 995 659 verbis
1018 604 1082 659 tam
1105 596 1193 679 longe
1216 619 1286 682 pro-

143 723 281 782 gressus,
319 708 355 764 ut
382 708 486 786 poetas
510 700 641 763 comicos
665 699 830 782 epicusque
854 698 879 760 si
903 720 964 762 non
987 721 1147 783 superare,
1180 709 1286 764 tamen

144 826 314 886 exaequare
347 805 525 889 reperiatur.
580 804 755 867 Generatim
784 803 821 865 de
850 803 906 866 hoo
934 804 1142 866 lluctuationis
1172 826 1285 887 genere

144 908 214 973 vide
238 909 379 973 Corsscni
403 909 502 991 symb.
526 907 588 973 crit.
613 930 643 992 p.
669 906 730 971 538
757 928 811 988 sq,
835 907 961 991 Reisigii
984 907 1077 971 schol.
1101 909 1285 992 Lat.§152

144 1015 246 1097 patu
262 1034 305 1095 sq.
315 1034 382 1076 curn
393 1013 500 1075 llaasii
514 1020 587 1076 uota
598 1013 671 1091 293,
687 1011 878 1075 Lachmanni
892 1012 1140 1092 comminanti,
1155 1013 1227 1076 768.
1241 1053 1284 1059 -—

144 1116 272 1199 Collegit
294 1117 434 1200 exempla
454 1115 538 1179 Neue
560 1116 591 1178 II
613 1138 643 1200 p.
668 1119 731 1183 320
754 1136 818 1198 sqq.

231 1222 295 1284 lam
319 1227 414 1284 restat
436 1240 560 1283 seorsus
584 1219 798 1304 exponendum

575 1428 604 1483 d.
639 1427 682 1482 De
700 1427 851 1483 adverbio.

236 1551 341 1634 Neque
365 1571 435 1614 vcro
459 1550 492 1612 in
515 1549 617 1613 animo
640 1556 688 1613 est
709 1548 747 1612 de
769 1549 863 1612 variis
886 1548 1101 1612 adverbiorum
1122 1549 1288 1632 generibus

148 1653 271 1738 plenius
296 1676 376 1718 nunc
403 1654 590 1736 disquirere,
623 1654 758 1739 primum
788 1653 869 1736 quod
896 1675 957 1718 uon
985 1653 1029 1716 ita
1047 1674 1158 1736 magna
1180 1675 1288 1718 eorum

144 1759 247 1821 minus
276 1759 457 1822 usitatorum
491 1758 579 1842 copia
607 1765 724 1842 prostat
746 1758 778 1821 in
803 1754 916 1821 Catulli
940 1758 1140 1835 oanninibus,
1174 1757 1288 1821 deinde

145 1883 184 1925 ue
205 1861 290 1943 ligna
315 1863 347 1926 in
375 1861 486 1926 silvam
513 1863 591 1925 ferre
623 1862 783 1926 videamur
809 1873 879 1947 post
902 1883 937 1926 ea
960 1882 1038 1945 quae
1069 1862 1129 1925 iam
1153 1864 1192 1926 ab
1215 1861 1287 1925 aliis

146 1965 184 2028 de
208 1966 263 2030 hac
286 1988 317 2031 re
339 1968 406 2030 fuse
430 1967 612 2051 copioseque
637 1967 793 2051 disputata
813 1972 893 2032 sunt.
923 1966 1030 2048 ltaque
1045 1966 1120 2029 satis
1135 1965 1288 2030 habemus

148 2092 184 2134 ea
206 2077 326 2135 tantum
351 2071 498 2137 adverbia
519 2072 654 2156 proferre
678 2090 757 2152 quae
780 2071 818 2134 ob
840 2071 993 2134 maiorum
1017 2070 1169 2153 quandam
1196 2092 1288 2135 vene-

146 2176 297 2240 rationem
320 2185 351 2240 et
374 2176 604 2240 observantiam
628 2196 665 2239 ex
686 2175 853 2239 uberrimis
876 2175 996 2259 priscae
1011 2174 1135 2256 linguae
1151 2175 1288 2240 fontibus

147 2279 285 2343 Catullus
309 2279 414 2343 hausit
436 2279 609 2364 improbata
631 2278 755 2361 quidem
778 2279 980 2363 posteriorum
1000 2299 1067 2358 usu,
1091 2278 1144 2342 sed
1160 2279 1288 2343 minime

146 2383 407 2467 reprehendenda.
450 2382 641 2466 Quamquam
662 2382 759 2446 multo
783 2383 897 2447 cautior
913 2391 1038 2447 eatenus
1060 2382 1120 2447 fuit
1134 2383 1288 2464 Lucretio,

151 2487 204 2569 qui
235 2509 305 2550 cum
327 2487 488 2551 materiam
511 2487 603 2572 plane
630 2486 746 2550 diversi
778 2487 899 2569 generis
934 2494 1077 2551 tractaret
1099 2488 1289 2572 eandemque

146 2590 253 2655 rudem
275 2600 368 2675 atque
390 2590 550 2669 incultam,
575 2591 678 2676 ,patrii
700 2592 851 2656 sermonis
868 2598 1008 2675 egestate‘
1031 2592 1288 2677 quampluribus

148 2696 224 2759 locis
246 2704 348 2780 aperte
371 2697 576 2777 conqueritur,
601 2696 781 2781 saepissime
797 2698 961 2779 cogebatur
977 2718 1046 2760 cum
1062 2696 1123 2760 alia
1138 2696 1290 2761 vocabula

147 2813 214 2864 tum
237 2799 371 2863 maxime
387 2799 535 2864 adverbia
550 2799 589 2863 ad
605 2801 725 2884 regulas
748 2801 906 2883 analogiae
922 2821 1025 2865 recens
1045 2802 1156 2883 fingere
1173 2800 1290 2865 collata

146 2903 271 2985 quidem
293 2925 312 2966 a
334 2903 562 2985 Bonterwelrio,
590 2906 676 2970 bucr.
694 2908 817 2983 Quaest.
834 2906 924 2991 p.‚j4u
940 2912 970 2968 et
990 2905 1108 2968 Prollio
1121 2905 1141 2968 l.
1154 2927 1183 2968 n.
1195 2926 1225 2989 p.
1236 2906 1287 2971 55.

150 3007 209 3071 llis
247 3007 427 3093 praemissis
458 3009 496 3072 ad
526 3011 721 3094 propositum
750 3019 786 3074 ut
818 3008 1014 3086 accedamus,
1047 3029 1095 3072 res
1125 3009 1290 3073 notissima

147 3121 195 3175 ost
237 3112 270 3175 in
314 3133 376 3175 non
420 3112 513 3175 nullis
558 3113 719 3178 adiectivis
763 3113 900 3178 accidere
938 3119 972 3177 ut
1016 3112 1089 3177 lieet
1130 3114 1178 3175 0-
1195 3112 1290 3177 decli-

147 3216 303 3280 nationem
340 3224 514 3299 sequantur,
553 3226 655 3281 tamen
692 3217 838 3284 adverbia
875 3217 968 3282 etiam
1006 3217 1058 3280 in·
1071 3225 1116 3280 ter
1157 3216 1289 3281 formata

150 3320 323 3398 admittant,
349 3319 403 3383 sed
425 3321 469 3383 ita
492 3328 526 3384 ut
549 3320 673 3403 vulgata
696 3328 726 3385 et
739 3322 889 3404 regularis
904 3346 920 3386 e
935 3321 1106 3386 terminatio
1123 3321 1156 3383 in
1172 3320 1289 3385 eisdem

150 3424 251 3488 locum
273 3424 384 3489 habere
406 3446 468 3488 nou
491 3425 618 3491 desinat.
650 3425 695 3489 Ex
710 3447 816 3490 eorum
830 3446 959 3490 numero
975 3445 1053 3507 quae
1068 3425 1101 3488 in
1116 3447 1289 3490 sermonem

149 3530 307 3593 llorentem
339 3529 540 3610 transierunt,
571 3550 633 3593 non
655 3551 737 3615 opus
750 3558 752 3564 ·
766 3538 813 3594 est
835 3530 956 3612 singula
978 3530 1084 3593 aliene
1108 3529 1230 3612 quando
1254 3530 1289 3594 in

148 3634 262 3716 vulgus
296 3634 415 3716 cognita
443 3641 515 3698 sunt
542 3634 579 3700 cf.
603 3634 732 3719 Reisigii
755 3635 849 3698 schol.
874 3636 937 3698 Lat.
962 3640 982 3715 ξ
1005 3633 1065 3698 134
1088 3656 1118 3719 p.
1136 3634 1207 3701 208.
1247 3671 1286 3679 —

148 3738 241 3805 Prisc.
259 3738 327 3816 XV,
353 3737 382 3815 3,
409 3738 458 3802 13.
491 3738 551 3803 Sed
575 3761 644 3803 cum
659 3739 816 3825 prioribus
839 3738 945 3821 qualia
960 3737 1099 3802 Catullus
1114 3739 1289 3803 communia

150 3843 243 3906 habet
265 3842 331 3906 eius
364 3842 449 3906 modi
483 3842 629 3907 adverbia
655 3851 763 3928 postea
785 3842 981 3919 obsolefacta,
1017 3842 1092 3906 talia
1118 3850 1192 3907 sunt
1213 3865 1288 3928 pau-

153 3947 297 4010 cissima:
334 3952 485 4009 nrr‘cera'ter
507 3947 620 4027 LXIII,
635 3948 677 4010 49
700 3955 735 4011 ut
749 3947 867 4011 Ennius
882 3952 960 4010 teste
975 3946 1132 4011 Prisciano
1148 3947 1162 4010 l
1178 3969 1207 4032 p.
1224 3950 1286 4013 621

153 4050 190 4116 Κ.
211 4059 242 4115 et
263 4050 336 4116 Dec.
353 4051 427 4115 bah.
444 4053 494 4117 60.
526 4051 552 4114 T
555 4073 607 4115 um
624 4058 753 4133 puriter
772 4051 821 4116 bis
837 4051 1030 4130 XXXVIIII,
1056 4054 1096 4117 14
1111 4060 1142 4115 et
1158 4051 1289 4114 LXXVI

154 4156 192 4218 19
216 4155 254 4220 cf.
276 4155 380 4240 Pomp.
406 4154 482 4218 Bon.
508 4158 557 4220 10.
574 4155 653 4220 Nov.
668 4157 708 4219 97
732 4177 767 4220 ac
782 4162 959 4238 properiter
980 4156 1013 4219 in
1032 4155 1202 4239 fragmento
1217 4156 1289 4220 hoc:

152 4258 303 4339 ,animula
341 4258 489 4323 miserula
523 4260 696 4346 properiter
732 4259 821 4324 abiit‘
859 4261 896 4327 cf.
919 4259 1038 4324 Nonius
1064 4282 1094 4345 p.
1116 4262 1191 4338 517,
1219 4282 1289 4324 oum
