2872 4852
691 217 727 282 31

144 407 308 473 Lucretius
329 407 442 471 mirum
464 412 612 489 quantum
635 406 777 471 delectati
801 414 883 484 sunt,
905 407 970 470 fieri
992 427 1052 471 non
1078 406 1179 491 potuit
1207 407 1281 490 quin

145 532 206 594 quc
240 510 360 595 longius
392 511 495 595 lingua
521 510 712 595 procederet,
743 531 777 575 eo
800 510 1028 594 angustioribus
1050 531 1148 593 usque
1169 511 1283 574 finibus

146 621 350 694 coerceretur,
382 614 477 679 donec
509 614 687 679 florentibus
710 614 915 678 Romanorum
948 614 1059 678 litteris
1087 615 1224 678 certain
1247 637 1282 679 eo

147 740 256 804 genere
277 718 434 785 scribendi
456 738 563 782 1111111
585 719 752 783 1111111111
774 725 828 785 est.
868 717 965 793 Quam
988 721 1026 783 ob
1050 740 1114 782 1111
1137 719 1282 782 suffixum

145 831 161 887 i
187 824 356 907 legitimam
378 823 443 887 vim
465 829 661 887 consecutum
683 830 731 886 est
752 822 785 885 in
808 842 948 888 sermone
970 822 1120 907 pedestri,
1149 828 1184 886 ut
1213 830 1284 907 pote

147 928 201 1011 qui
226 927 326 991 multo
348 927 433 1013 poesi
456 926 576 990 enixius
597 926 797 991 recentiorem
818 948 911 990 usum
933 933 1098 991 sectaretur
1113 926 1284 1010 idcircoque

146 1053 254 1096 omnes
285 1031 378 1096 etiam
411 1032 525 1095 formas
555 1031 658 1095 minus
686 1037 786 1114 gratas
809 1037 839 1095 et
860 1030 1013 1113 elegantes
1035 1053 1128 1114 quam
1150 1033 1285 1095 maxime

148 1136 287 1199 devitare
323 1135 468 1201 studeret.
518 1135 630 1200 Contra
665 1136 696 1199 in
730 1135 817 1219 poesi
848 1135 962 1200 veteris
992 1135 1087 1200 moris
1116 1136 1285 1201 recordatio

151 1240 241 1323 longe
277 1239 394 1304 diutius
424 1240 558 1303 obtinuit
587 1239 636 1303 vel
670 1239 739 1303 ideo
766 1239 846 1323 quod
876 1239 996 1324 plenior
1024 1239 1077 1303 illa
1104 1241 1281 1306 terminatio

149 1344 239 1407 metri
258 1343 427 1408 rationibus
448 1343 586 1427 quodum
600 1344 692 1408 modo
708 1343 988 1423 commendabatur,
1012 1343 1092 1407 unde
1108 1366 1146 1407 ne
1159 1344 1287 1410 nobilis-

149 1448 239 1513 simis
261 1447 386 1533 quidem
409 1469 556 1512 versuum
579 1448 745 1512 artificibus
767 1454 940 1534 temporum
962 1448 1096 1530 Augusti
1117 1449 1197 1513 sicut
1211 1449 1286 1512 Ver-

146 1551 222 1636 gilio
244 1553 372 1617 Horatio
394 1553 553 1638 Propertio
576 1552 651 1618 talia
679 1552 822 1637 exempla
847 1573 970 1637 prorsus
993 1552 1115 1616 desunt.
1159 1551 1225 1616 lam
1248 1553 1287 1617 ad

149 1655 307 1721 Catullum
338 1662 374 1720 ut
402 1664 605 1735 revertamur,
636 1678 729 1740 quam
755 1678 866 1741 parcus
894 1656 945 1720 hic
968 1656 1062 1721 fuerit
1083 1656 1286 1721 ineiusmodi

147 1761 321 1825 formarum
343 1761 471 1824 11111111
493 1761 666 1825 adhibenda
687 1762 715 1824 si
729 1762 899 1826 conferatur
915 1782 985 1824 oum
1000 1761 1140 1825 Lucretio
1157 1763 1287 1844 aequali,

148 1864 286 1930 breviter
307 1864 439 1929 indicari
454 1871 570 1950 potest:
593 1866 753 1930 Lucretius
769 1865 937 1929 enimcum
953 1865 1047 1929 octies
1063 1871 1094 1928 et
1109 1865 1289 1949 quadragies

151 1968 340 2033 infinitivum
362 1969 455 2033 in-ier
478 1970 592 2049 1111111,
625 1969 764 2034 Catullus
786 1970 869 2034 idem
892 1990 954 2032 nco
975 1969 1048 2054 plus
1070 1969 1171 2033 sexies
1194 1991 1289 2033 ausus

151 2078 199 2136 est
226 2079 257 2137 et
285 2073 464 2159 saepissime
496 2074 621 2156 quidem
648 2074 679 2138 h.
708 2096 734 2141 e.
757 2073 922 2157 quinquies
944 2072 977 2135 in
1000 2073 1132 2137 1111111111
1155 2073 1290 2158 nuptiali

149 2176 220 2243 LXl
250 2177 457 2256 nitidissimo,
485 2178 580 2242 semel
608 2178 641 2242 in
672 2178 803 2242 disticho
832 2177 974 2260 elegiaco.
1019 2175 1071 2240 Sic
1097 2175 1231 2259 legimus
1256 2178 1289 2241 in

149 2281 308 2366 glyconeis
330 2282 410 2362 LXI,
431 2283 474 2347 42
497 2283 627 2350 citarier.
651 2283 692 2349 68
716 2283 830 2346 vincier
846 2281 895 2347 vel
917 2280 1031 2344 rectius
1047 2281 1174 2345 fortasse
1188 2287 1289 2349 111111.

149 2385 183 2449 11
204 2385 411 2471 pherecrateis
434 2388 485 2453 60.
508 2389 559 2452 70.
584 2384 1203 2472 1511111111.11111111111111111,
1228 2388 1288 2452 141

151 2490 336 2575 componier.
396 2490 433 2554 In
470 2491 519 2555 his
550 2498 701 2574 quantum
722 2498 815 2577 poeta
835 2497 935 2554 metro
958 2490 1157 2569 concesserit,
1195 2511 1291 2554 exeo

152 2593 282 2677 colligas
311 2594 394 2677 quod
423 2616 529 2659 omnes
550 2596 697 2660 infinitivi
719 2597 752 2660 in
775 2616 812 2658 11
832 2614 940 2659 versus
963 2594 1035 2657 sede
1057 2593 1194 2658 collocati
1217 2600 1291 2659 1111

151 2720 231 2782 quae
269 2698 454 2783 dactylicum
491 2721 613 2785 semper
649 2700 759 2786 pedem
797 2698 934 2784 exposcit
964 2697 1146 2780 vulgaribus
1183 2698 1289 2762 formis

152 2803 237 2867 nullo
273 2803 365 2868 modo
403 2804 558 2890 expletum
595 2804 632 2870 cf.
658 2805 765 2869 Horat.
790 2803 890 2867 Carm.
914 2803 991 2880 llll,
1018 2804 1066 2866 11.
1091 2801 1120 2866 8.
1145 2803 1292 2887 ,spargier

155 2914 242 2991 egnc‘
279 2907 311 2970 iu
341 2929 434 2972 versu
468 2907 589 2972 Adonio
627 2914 658 2972 et
690 2928 769 2990 quae
805 2906 898 2971 huius
933 2905 1052 2991 generis
1081 2906 1196 2971 similia
1217 2913 1291 2971 sunt

154 3017 294 3075 accurate
316 3011 446 3075 collecta
467 3033 485 3074 a
506 3011 622 3076 Prollio
644 3034 674 3097 p.
698 3011 827 3076 34-38
849 3019 881 3074 11
901 3010 1001 3075 Nevio
1017 3010 1047 3074 ll
1062 3032 1092 3096 p.
1109 3014 1290 3078 309—313.

156 3114 300 3179 Ceterum
339 3115 376 3179 11
413 3116 585 3198 antiquiore
621 3117 679 3180 hoc
716 3115 826 3180 suffixo
864 3115 946 3198 quod
975 3115 1013 3178 ad
1043 3136 1149 3179 omnes
1177 3116 1291 3201 pariter

154 3219 386 3302 coniugationes
409 3220 598 3305 pertinebat,
637 3220 820 3306 explicatius
843 3220 905 3304 egit
926 3219 1028 3302 Lange
1050 3219 1084 3282 in
1106 3220 1183 3283 actis
1205 3221 1291 3285 acad.

154 3320 328 3390 Vindobon.
365 3330 437 3388 tom.
465 3323 494 3387 X
526 3330 557 3388 et
579 3324 683 3388 XXVI
706 3347 736 3410 p.
762 3325 824 3391 115
846 3345 892 3408 sq.
930 3325 967 3392 cf.
1006 3324 1099 3388 etiam
1123 3323 1291 3389 Gorssenus

153 3430 256 3512 symb.
280 3429 346 3494 crit.
370 3436 426 3493 eto.
449 3449 480 3514 p.
503 3428 577 3496 465.

242 3535 271 3598 3.
315 3531 383 3596 Non
420 3532 519 3617 magis
556 3533 737 3619 perspicuae
775 3540 848 3597 sunt
884 3531 1033 3618 pristinae
1070 3531 1292 3616 coniugationis

155 3635 307 3720 reliquiae
344 3637 377 3699 in
414 3636 632 3702 terminatione
668 3637 842 3724 imperfecti
872 3635 1125 3720 I-ooniugationis
1152 3657 1229 3720 quae
1259 3637 1293 3700 in

154 3739 289 3823 vulgatis
310 3742 517 3824 grammaticis
540 3749 682 3825 quartum
705 3742 808 3806 locum
830 3747 921 3805 tenet.
958 3739 1043 3804 Illud
1066 3740 1148 3806 enim
1169 3745 1293 3826 tempus

155 3845 238 3930 apud
277 3845 442 3930 scriptores
472 3852 591 3910 veteres
623 3845 707 3910 haud
745 3867 812 3910 raro
849 3845 976 3908 in-r‘bcm
1004 3845 1213 3925 formabatur,
1249 3845 1294 3909 ita

156 3955 260 4015 tamen
298 3955 334 4012 ut
367 3948 456 4032 longe
492 3949 682 4036 praevaleret
715 3949 865 4032 regularis
893 3948 1077 4016 terminatis.
1124 3948 1212 4028 Quod
1234 3950 1294 4014 etsi

156 4075 263 4119 verum
301 4059 367 4134 111,
403 4058 506 4117 tamen
543 4055 581 4119 de
620 4053 736 4137 origine
763 4055 881 4139 priscae
908 4052 994 4118 illius
1016 4054 1210 4119 formationis
1231 4075 1293 4119 nou

157 4159 330 4244 aequaliter
378 4157 461 4221 inter
496 4158 580 4223 viros
624 4157 763 4222 eruditos
800 4159 969 4224 constabat
1027 4158 1131 4222 Primo
1168 4158 1294 4242 quidem

158 4269 324 4349 conspectu
360 4263 435 4325 haec
471 4262 609 4344 quaestio
635 4261 723 4327 facile
745 4262 867 4325 videtur
895 4262 1018 4329 absolvi
1040 4282 1131 4348 posse
1154 4283 1189 4326 eo
1212 4263 1293 4345 quod

157 4366 198 4433 ad
234 4366 475 4432 contractionem
504 4366 656 4431 vocalium
690 4372 706 4429 r'
735 4373 767 4431 et
803 4389 818 4429 e
847 4366 1015 4450 confugias.
1066 4365 1105 4430 Et
1136 4365 1196 4430 fuit
1221 4386 1294 4432 sane
