2872 4852
696 309 716 373 7

136 521 234 586 paene
255 498 384 564 totidem
412 498 516 564 verbis
544 519 565 562 a
587 498 707 565 Catullo
730 499 915 565 translatum
937 521 1007 566 esse
1029 522 1122 584 quam
1144 502 1278 566 maxime

137 611 186 668 est
207 603 375 690 probabile.

224 711 367 774 Ceterum
400 707 433 771 in
464 706 649 772 carminibus
678 707 726 772 his
753 715 784 772 ct
813 708 969 774 similibus
997 709 1058 773 etsi
1086 711 1188 794 negari
1216 732 1277 775 nen

139 819 240 899 potest
260 813 361 877 multa
383 810 517 874 inveniri
539 831 616 893 quae
637 811 741 876 minus
763 819 848 894 grata
883 813 947 877 sint
975 820 1067 895 atque
1098 812 1277 893 laudabilia,

138 926 242 982 tamen
273 939 313 981 ne
338 915 451 980 desunt
477 914 601 998 quidem
629 936 702 980 vere
725 916 922 980 admirabilia
943 924 973 981 ct
994 923 1086 1002 pocta
1108 917 1278 981 Veronensi

138 1022 331 1107 dignissima.
350 1020 585 1084 Moneotantum
602 1019 746 1083 carminis
756 1019 871 1084 LXIIII
882 1042 990 1085 versus
1004 1021 1075 1085 illos
1095 1021 1276 1102 132-202,

138 1126 254 1209 quibus
277 1123 417 1189 Catullus
446 1122 613 1208 imaginem
644 1122 800 1206 quandam
823 1124 976 1189 Ariadnae
1007 1124 1040 1187 in
1061 1125 1149 1189 Naxo
1178 1126 1280 1189 insula

139 1229 255 1315 perfide
277 1250 295 1291 a
317 1227 435 1292 Theseo
465 1225 603 1291 desertae
626 1233 656 1290 et
687 1247 795 1310 graves
825 1229 978 1312 querellas
1002 1229 1188 1294 effundentis
1210 1229 1279 1315 pul-

140 1333 287 1398 cherrima
317 1330 492 1417 descripsit.
540 1330 579 1394 Et
604 1330 759 1412 insignem
792 1332 886 1396 huius
918 1333 980 1398 loci
1010 1338 1203 1397 venustatem
1240 1356 1278 1397 ue

138 1437 323 1522 posteriores
346 1434 473 1519 quidem
495 1440 603 1520 poetae
625 1455 688 1498 non
710 1444 945 1520 perspexerunt,
970 1437 1002 1500 in
1025 1437 1135 1521 primis
1158 1437 1277 1522 Lygda-

137 1561 208 1604 mus
231 1540 315 1626 apud
337 1538 498 1604 Tibullum
526 1544 557 1601 et
577 1536 672 1602 multo
694 1539 794 1623 magis
818 1541 988 1627 Ovidius.¹)
1032 1541 1149 1604 Verum
1176 1548 1279 1605 tamen

137 1653 173 1709 ut
196 1665 258 1709 non
278 1643 370 1708 modo
393 1643 432 1705 ab
455 1641 639 1724 aequalibus
663 1642 827 1707 sedetiam
843 1645 1073 1710 abhominibus
1089 1645 1280 1728 elegantibus

137 1749 252 1813 saeculi
277 1747 412 1831 Augusti
442 1746 581 1810 carmina
604 1747 790 1811 Veronensis
820 1756 928 1833 poetae
955 1770 1066 1832 magno
1094 1749 1199 1813 favore
1231 1771 1279 1813 ex-

138 1860 227 1937 eepta
253 1851 451 1934 studioseque
482 1850 618 1914 lectitata
646 1858 734 1929 sunt,
767 1851 813 1916 ita
841 1874 879 1915 ne
908 1853 966 1916 hoe
988 1852 1112 1936 quidem
1141 1860 1280 1939 tempore

140 1957 302 2020 defuerunt
331 1956 385 2039 qui
414 1955 543 2018 nimiam
571 1953 610 2018 iis
645 1953 770 2018 laudem
798 1955 984 2037 tribuerent,
1020 1958 1102 2022 unde
1132 1957 1279 2021 Horatius

141 2060 202 2126 Sat.
220 2060 256 2137 l.,
282 2062 332 2139 10,
357 2061 397 2125 19
418 2059 642 2141 Hermogenem
670 2058 797 2141 eiusque
825 2061 951 2123 simium
979 2062 1045 2141 „nil
1068 2069 1188 2147 praetor
1212 2062 1280 2124 Cal-

140 2185 214 2227 vum
238 2169 269 2227 et
291 2163 413 2227 doctum
429 2169 550 2227 eantare
566 2161 743 2225 Catullum“
766 2163 963 2227 vehementer
978 2165 1086 2229 irrisit.
1117 2166 1280 2230 Praeterea

139 2289 232 2351 quam
264 2287 355 2352 saepe
382 2267 604 2350 diligenterque
634 2266 771 2330 nobilem
795 2268 908 2331 Catulli
930 2269 1048 2353 poesim
1071 2290 1140 2333 cum
1164 2269 1279 2333 Culicis

139 2379 203 2436 tum
220 2372 300 2436 Ciris
322 2378 426 2436 auctor
445 2370 597 2435 imitando
620 2371 773 2435 effinxerit
795 2378 865 2456 post
888 2372 1119 2457 disquisitiones
1140 2374 1278 2438 virorum

140 2476 330 2540 eruditorum
342 2477 370 2558 2)
398 2496 487 2539 nemo
515 2474 607 2538 hodie
637 2475 745 2539 nescit.
789 2475 893 2560 Atque
921 2478 1014 2563 plane
1041 2478 1149 2542 eadem
1170 2483 1279 2562 poetae

139 2581 346 2645 admiratione
369 2600 431 2663 qua
453 2578 538 2643 ducti
561 2578 698 2663 singulas
727 2581 767 2645 ab
790 2601 825 2644 eo
849 2582 1017 2646 sententias
1039 2582 1173 2645 mutuati
1195 2589 1277 2659 sunt,

137 2687 253 2748 factum
275 2690 324 2749 est
345 2690 381 2748 ut
401 2689 473 2769 post
488 2682 624 2766 Augusti
646 2688 779 2747 aetatem
802 2704 864 2748 non
887 2685 973 2748 nulle
995 2687 1088 2749 etiam
1110 2692 1278 2749 metrorum

138 2809 251 2872 genera
272 2789 387 2871 quibus
409 2786 499 2851 valde
522 2787 663 2852 Catullus
686 2787 854 2853 delectatus
877 2797 938 2868 est,
969 2789 1132 2874 praecipue
1158 2789 1278 2852 iambos

137 2899 168 2957 et
188 2891 465 2976 hendecasyllabos
487 2913 547 2955 usu
567 2892 778 2977 probarent.³)

224 2995 343 3073 Quibus
365 2996 458 3058 rebus
480 2996 629 3081 expositis
652 3003 791 3080 superest
820 3005 856 3061 ut
884 2995 922 3060 dc
945 2996 1094 3060 orationis
1117 3016 1278 3061 versuum-

139 3119 199 3181 que
222 3099 460 3164 conformatione
482 3121 559 3182 quae
581 3120 643 3163 non
665 3100 794 3163 minima
823 3121 873 3163 ars
896 3106 943 3163 est
964 3100 1151 3178 Catulliana,
1181 3121 1279 3184 pauca

138 3201 296 3269 addamus.
340 3203 379 3266 in
401 3209 531 3287 utroque
562 3208 644 3268 enim
673 3224 782 3287 genere
805 3204 976 3288 plurimum
1001 3224 1072 3267 cum
1095 3225 1113 3266 a
1135 3204 1277 3268 Lucretio

136 3306 260 3390 aequali
293 3313 361 3371 tum
392 3330 410 3371 a
440 3309 596 3393 prioribus
622 3309 723 3394 poetis
748 3308 864 3371 Latinis
897 3330 931 3372 eu
961 3307 1071 3387 differt,
1104 3308 1184 3392 quod
1209 3330 1277 3371 cum

136 3410 224 3494 longe
246 3431 338 3494 quam
361 3411 410 3475 illi
433 3413 572 3477 lecerunt
592 3412 735 3498 cupidius
752 3412 897 3477 Graecam
915 3412 1039 3495 quidem
1056 3412 1278 3497 proprietatem

136 3514 307 3595 affectaret,
330 3516 479 3580 maiorem
503 3517 595 3580 etiam
618 3519 785 3581 verborum
807 3537 1066 3599 numerorumque
1090 3517 1277 3581 concinnita-

137 3625 199 3682 tem
221 3627 380 3684 assecutus
403 3628 456 3684 cst.
500 3621 622 3685 Etenim
643 3621 811 3703 elegantiae
828 3640 965 3682 summae
981 3620 1097 3703 ubique
1119 3620 1277 3685 studiosus

137 3721 260 3788 Italicos
281 3725 390 3789 modos
412 3746 472 3788 non
496 3730 614 3789 tanturn
636 3746 717 3789 novo
740 3724 914 3787 carminum
937 3730 968 3787 ct
983 3731 1153 3788 metrorum
1168 3744 1278 3805 genere

137 3826 240 3907 auxit,
272 3849 381 3892 verum
414 3829 508 3893 etiam
544 3829 578 3892 in
610 3829 730 3912 legibus
765 3848 910 3894 versuum
953 3828 1169 3893 subtilioribus
1201 3848 1277 3909 quas

252 4179 285 4232 ci.
304 4179 338 4232 Μ.
353 4180 484 4248 Hauptius
504 4181 532 4235 in
550 4179 636 4232 indice
654 4180 712 4232 lect.
731 4177 816 4232 Berol.
835 4180 922 4231 aestiv.
941 4195 963 4231 a.
980 4176 1045 4233 1855
1064 4195 1088 4245 p.
1103 4178 1118 4227 6
1131 4192 1168 4243 sq.

207 4176 233 4244 l)

205 4279 235 4353 8)
251 4284 319 4337 Vide
337 4285 467 4351 Silligium
485 4285 518 4338 ad
538 4284 616 4338 Cirim
634 4300 659 4351 p.
675 4282 724 4336 155
744 4298 799 4349 sqq.
824 4286 850 4334 ct
866 4284 899 4335 M.
918 4282 1061 4348 Hauptium
1080 4282 1107 4335 in
1125 4279 1188 4335 actis
1206 4278 1277 4335 acad.

136 4368 220 4424 Berol.
239 4372 379 4424 menstruis
397 4365 433 4439 (a.
450 4369 528 4437 1858)
546 4388 571 4440 p.
586 4364 732 4424 ese-⁴671.

205 4472 233 4540 3)
251 4474 283 4529 cf.
302 4474 368 4528 Luc.
387 4475 528 4528 Muellerus
547 4476 580 4528 de
597 4493 625 4528 rc
643 4478 716 4528 metr.
736 4490 760 4541 p.
774 4473 807 4528 42
828 4478 854 4529 et
871 4473 912 4530 80.
