2872 4830
692 237 732 303 15

581 326 839 339 .-.---.-..-....

542 499 573 555 b.
596 499 640 554 Dc
657 497 866 555 declinatione.

236 645 262 708 1.
293 639 516 704 Nominativus.
546 676 589 685 -
615 638 653 702 In
684 637 863 702 nominibus
901 636 1025 701 Graecis
1062 637 1126 701 fere
1163 636 1279 719 ubique

147 746 285 810 Catullus
309 744 456 808 Graecam
479 742 622 806 flectendi
644 742 792 806 rationem
816 741 965 823 sequitur,
988 741 1070 804 unde
1086 741 1187 805 elucet
1202 741 1281 805 sicut

146 851 179 914 in
215 851 307 913 rebus
345 846 482 911 metricis
515 845 560 909 ita
594 846 689 909 etiam
718 847 752 909 in
778 845 908 910 flexione
939 846 1158 933 uocabulorum
1190 865 1280 928 quam
1349 928 1351 932 ι

147 954 281 1018 maxime
324 973 396 1016 eum
439 950 588 1036 pressisse
627 949 812 1015 Graecorum
850 950 989 1033 vestigia.
1049 949 1159 1031 Itaque
1203 948 1282 1012 dixit
1367 994 1370 1001 ·

149 1058 271 1122 Ciceros
294 1054 416 1134 LXIIII,
440 1055 480 1119 35
495 1060 572 1118 teste
587 1053 751 1133 Meinelrio,
774 1053 896 1120 Vindio.
917 1054 1059 1120 Strabon.
1074 1075 1103 1138 p.
1121 1052 1192 1119 152,
1212 1054 1282 1132 153,

147 1183 211 1225 000
234 1161 329 1243 Syros
351 1159 400 1223 vel
423 1159 523 1223 Seiroc
538 1157 621 1240 quod
637 1158 718 1221 male
732 1157 804 1221 libri
818 1163 951 1236 tuentur,
975 1158 1110 1240 itemque
1125 1156 1200 1220 ibid.
1219 1156 1281 1222 285

152 1267 263 1329 Peor'oc
283 1263 332 1327 vel
355 1260 483 1323 Peneios
506 1261 540 1328 of.
566 1261 654 1327 Ouid.
677 1262 749 1328 Met.
772 1262 810 1342 Il,
835 1263 906 1326 243.

238 1369 265 1432 2.
294 1368 329 1431 10
366 1352 508 1446 genetivo
545 1368 711 1431 verborum
746 1365 799 1428 A·
815 1364 1048 1430 declinationem
1086 1364 1282 1447 sequentium

151 1471 276 1556 scripsit
306 1470 438 1556 Cybeles
461 1470 568 1548 LXIII,
608 1471 656 1536 12.
681 1471 722 1536 68
752 1476 783 1533 01
810 1469 950 1553 Cybebes
979 1467 1055 1532 ibid.
1078 1469 1128 1535 20.
1154 1468 1203 1533 35.
1226 1468 1282 1530 Ar-

151 1576 252 1640 sinoes
274 1575 384 1656 LXVI,
407 1575 450 1640 54
474 1574 592 1656 inquo
616 1574 720 1638 Cicero
744 1573 781 1638 de
804 1578 864 1639 051.
887 1572 1040 1653 (1000111,
1064 1573 1115 1651 22,
1140 1572 1190 1648 57,
1215 1593 1283 1635 cum

151 1679 305 1744 Arcelacae
334 1682 432 1744 forma
460 1683 613 1758 uteretur,
648 1678 772 1762 linguae
794 1677 920 1741 Latinae
950 1677 1170 1762 proprietatem
1197 1676 1284 1758 sequi

150 1783 266 1850 maluit.
284 1783 432 1847 Eiusdem
443 1803 530 1846 casus
540 1782 649 1846 1001150
662 1781 877 1846 declinationis
887 1787 959 1845 sunt
968 1780 1118 1845 Phasidos
1127 1779 1283 1858 LXIIII,3

152 1887 203 1972 (cf.
220 1887 309 1954 Ovid.
325 1888 398 1953 Met.
414 1887 483 1966 VII,
508 1889 537 1951 6.
553 1886 688 1971 Propert.
704 1887 726 1952 I.
745 1887 796 1966 20,
816 1886 869 1971 18)
892 1891 923 1949 51
938 1884 1083 1950 Locridos
1099 1883 1209 1963 LXVI,
1231 1884 1284 1961 54,

149 1997 253 2055 contra
266 1991 375 2054 Latine
390 1990 507 2055 inflexit
521 1989 661 2054 Thetidis
676 1989 804 2067 LXIIII,
824 1988 873 2069 19,
890 1990 961 2055 302.
986 1989 1079 2053 Porro
1096 1989 1130 2052 in
1145 1985 1284 2052 eiusdem

150 2095 292 2158 carminis
322 2116 414 2158 versu
438 2097 498 2160 178
532 2116 603 2158 cum
626 2094 786 2160 Schwabio
810 2099 841 2157 51
860 2092 1048 2157 Rossbachio
1079 2113 1141 2156 non
1168 2091 1283 2167 dubito,

151 2199 229 2281 quin
251 2204 341 2283 poeta
363 2200 573 2263 Idomeaeocne
596 2198 724 2278 dederit,
747 2196 828 2281 quod
848 2203 879 2261 et
893 2197 925 2259 in
941 2197 1178 2280 Hamburgensi,
1202 2197 1284 2261 libro

150 2302 344 2366 auctoritatis
366 2302 494 2367 minime
517 2303 714 2389 spernendae,
737 2303 819 2366 inest
841 2307 872 2365 et
894 2300 1010 2365 dudum
1032 2302 1076 2365 ita
1091 2308 1286 2366 correxerunt

146 2406 218 2469 Itali
248 2407 447 2489 grammatici.
492 2407 572 2471 Nam
603 2408 713 2472 ceteris
747 2406 902 2471 codicibus
935 2425 1013 2487 quae
1042 2406 1166 2470 offertur
1198 2406 1284 2470 varia

149 2509 243 2572 huius
265 2511 399 2574 nominis
422 2511 510 2576 lectio
542 2510 1102 2575 10100505055111000500050001110
1124 2510 1161 2574 de
1184 2511 1285 2574 causis

150 2613 257 2699 inepta
279 2620 333 2680 est.
379 2616 445 2692 Qua
474 2615 506 2679 in
537 2636 569 2678 re
591 2615 805 2679 Lachmannus
832 2614 871 2677 ad
893 2614 981 2680 Lucr.
1003 2636 1034 2700 p.
1061 2615 1123 2681 192
1146 2635 1180 2678 00
1204 2615 1284 2697 quod

153 2718 220 2782 eius
242 2718 329 2782 modi
349 2719 483 2802 genetivi
505 2740 625 2804 semper
653 2740 671 2782 a
695 2719 795 2804 poetis
816 2718 935 2784 Latinis
958 2745 974 2780 o
996 2717 1084 2782 brevi
1100 2718 1285 2798 efferrentur,

151 2822 279 2885 formam
296 2824 512 2887 Idomenensee
526 2823 673 2908 praetulit
687 2843 742 2907 pro
755 2822 896 2906 exemplo
906 2822 1033 2886 afferens
1042 2821 1120 2885 illud
1130 2821 1287 2885 Homerici

151 2925 194 2991 Jl.
210 2926 294 3006 XIII,
310 2928 390 2992 424:
414 2921 630 3010 ΑἸδομενεῦς
645 2922 716 2992 d'ori
737 2928 808 3014 lips
822 2924 919 3009 μένος
932 2924 1014 3012 μέγα
1029 2947 1090 2990 000
1105 2926 1203 2990 001110
1217 2947 1286 3011 pro-

152 3032 269 3095 batum.
293 3031 329 3094 10
346 3030 531 3095 sententiam
547 3031 613 3095 eius
628 3030 756 3096 accessit
771 3029 987 3115 M.Hauptius,
1003 3029 1066 3096 ind.
1076 3030 1146 3095 lect.
1157 3030 1287 3094 Berolin.

152 3134 257 3201 aestiv.
280 3133 321 3218 (a.
336 3135 433 3216 1855)
448 3157 476 3219 p.
492 3138 520 3213 7,
544 3134 598 3200 sed
614 3137 650 3202 cf.
662 3135 695 3200 L.
711 3134 879 3198 Muellerus
896 3133 933 3198 de
948 3155 982 3197 05
997 3141 1087 3199 metr.
1104 3156 1132 3218 p.
1151 3135 1224 3200 275.
1242 3173 1284 3182 -

155 3237 221 3302 lam
246 3237 283 3301 de
306 3238 426 3302 Latinis
448 3239 607 3304 vocabulis
629 3246 663 3304 ut
684 3260 828 3322 agamus,
851 3239 884 3302 in
906 3239 1047 3321 genetivo
1070 3237 1234 3320 singularis
1258 3248 1288 3302 et

153 3343 344 3407 nominativo
382 3342 513 3427 pluralis
549 3343 670 3407 numeri
707 3343 981 3408 O-declinaticnis
1018 3342 1204 3407 monendum
1242 3349 1288 3406 501

155 3446 325 3528 antiquitus
357 3446 542 3532 scripturam
571 3447 689 3512 interi
708 3453 740 3511 51
760 3455 792 3512 ei
811 3448 1007 3512 vehementer
1028 3446 1203 3526 fluctuasse,
1226 3466 1287 3528 qua

155 3549 193 3612 de
216 3570 248 3611 re
271 3571 368 3633 pauca
390 3551 454 3615 iam
477 3572 571 3636 supra
592 3551 789 3637 protulimus.
826 3551 914 3615 Hanc
936 3551 1031 3632 igitur
1052 3550 1229 3615 varietatem
1253 3564 1288 3614 ut

155 3652 247 3717 certis
261 3654 420 3737 firmisque
435 3654 576 3719 terminis
592 3655 861 3733 circumscriberet,
877 3655 910 3718 in
925 3654 1036 3738 uulgus
1052 3660 1170 3720 constat
1184 3653 1288 3737 qualia

154 3764 277 3841 praeter
299 3765 413 3822 ceteros
435 3763 525 3823 votus
548 3760 712 3824 satirarum
733 3759 863 3844 scriptor
882 3758 1017 3822 Lucilius
1039 3762 1228 3844 praeceperit
1250 3760 1287 3825 ci.

153 3859 264 3924 Lucilii
287 3861 375 3945 frgm.
398 3862 501 3942 VIIII,
524 3866 544 3929 6
567 3870 598 3928 et
621 3863 777 3927 Gerlachii
799 3863 893 3948 praef.
916 3885 945 3948 p.
970 3865 1040 3930 118.
1063 3862 1132 3928 Ter.
1158 3863 1289 3927 Scaurus

151 3985 181 4048 p.
205 3965 290 4030 2255
312 3965 347 4032 P.
371 3965 565 4049 Quamquam
580 3967 641 4031 ista
656 3973 815 4052 praecepta
836 3988 993 4050 nunquam
1012 3967 1152 4049 religiose
1167 3976 1289 4032 servata

155 4076 230 4133 sunt
255 4075 286 4132 51
308 4090 326 4131 5
347 4071 552 4152 grammaticis
578 4071 801 4156 posterioribus
829 4072 938 4135 merito
966 4071 1076 4135 reiecta
1098 4072 1135 4136 cf.
1160 4071 1287 4147 Quintil.

155 4171 180 4249 Ι,
205 4175 234 4252 7,
261 4175 308 4239 15.
334 4172 450 4238 Charis.
474 4196 504 4258 p.
522 4177 564 4243 60
584 4175 617 4238 Ρ.
665 4175 781 4239 Verum
812 4176 892 4238 enim
916 4196 987 4240 vero
1010 4176 1067 4240 etsi
1091 4176 1239 4261 scriptura
1261 4182 1290 4238 er'

157 4297 196 4339 05
227 4277 258 4340 10
289 4276 358 4341 51110
381 4274 515 4358 quidem,
538 4278 651 4343 nedum
676 4280 710 4341 in
731 4279 771 4342 iis
794 4299 869 4362 quos
892 4280 1027 4343 Lucilius
1048 4281 1148 4344 voluit
1170 4280 1290 4345 casibus

155 4398 289 4460 unquam
314 4400 439 4465 prorsus
463 4403 479 4443 e
503 4381 608 4466 lingua
628 4383 737 4447 Latina
760 4384 898 4464 evanuit,
929 4384 1096 4448 tenendum
1118 4390 1218 4448 tamen
1243 4390 1290 4449 est
