2872 4852
172 396 377 473 pervenerunt
400 390 523 472 quidem
547 391 679 475 integra,
712 392 765 455 sed
798 393 890 461 u'uius
913 393 998 456 t'alvi
1022 395 1173 458 fructibus
1196 392 1307 479 ingenii

170 494 425 579 exceptisomni
459 511 585 579 prorsus
618 504 775 560 venustate
810 504 839 559 ct
863 498 1011 580 elegantia
1034 499 1091 562 fide
1115 501 1309 582 antiquitatis

170 606 338 678 caruerunt,
363 599 497 684 palmam
520 601 623 684 poesis
647 601 736 683 longe
758 602 929 686 praeripuit
945 603 1085 665 Catullus
1109 626 1175 666 eum
1194 604 1306 686 ingenii

169 701 381 785 magnitudine
405 710 435 767 et
457 705 647 787 praestantia
669 712 736 767 tmu
759 705 837 766 mira
851 706 926 769 artis
942 706 1128 790 pellectione
1144 715 1235 790 atque
1259 710 1310 770 ab·

170 807 330 871 solutione.
376 808 515 871 Primum
547 808 630 870 enim
665 809 746 890 quod
779 810 914 872 diximus
946 818 1067 893 poetam
1100 812 1307 875 Veronensem

170 911 308 974 onmium
332 912 506 994 aequalium
531 911 794 996 splendidissimis
810 913 1004 977 facultatibus
1021 917 1194 999 praeditum
1212 916 1309 978 luisse

170 1017 334 1080 concedere
357 1037 419 1079 uon
442 1015 598 1081 dubitabit
620 1015 673 1097 qui
696 1017 733 1078 ad
758 1018 844 1081 varia
860 1018 1028 1081 carminum
1052 1040 1310 1101 numerorumque

168 1141 281 1203 genera
316 1121 348 1183 in
380 1121 493 1203 quibus
526 1120 578 1182 ille
601 1120 674 1200 quid
703 1121 822 1186 viribus
845 1122 959 1203 ingenii
986 1122 1099 1187 valeret
1121 1125 1311 1208 periclitatus

170 1231 225 1303 est,
261 1225 399 1287 animum
426 1224 596 1288 adverterit
624 1231 655 1287 et
674 1234 847 1310 promptam
879 1228 943 1289 eius
966 1233 1057 1308 atque
1081 1228 1253 1313 expeditam
1278 1229 1309 1289 in

168 1331 261 1392 rebus
297 1328 449 1410 lingendis
481 1328 666 1392 celeritatem
688 1331 863 1414 respexerit.
908 1330 1036 1393 Accedit
1063 1331 1144 1413 quod
1168 1330 1309 1393 Catullus
1356 1338 1359 1343 '

170 1433 265 1495 animi
290 1433 398 1496 habitu
422 1432 639 1496 candidissimo
662 1434 721 1496 fuit
744 1441 774 1497 et
788 1435 981 1517 integerrimo
997 1440 1097 1516 noque
1120 1441 1172 1498 aut
1193 1438 1309 1499 urbana

169 1537 322 1620 pravitate
351 1537 553 1621 pessimisque
587 1538 735 1622 exemplis
767 1537 822 1601 illo
855 1538 989 1601 maxime
1020 1546 1157 1623 temporo
1190 1539 1307 1621 ubique

168 1640 268 1705 obviis
292 1642 439 1704 rusticam
462 1661 582 1704 morum
613 1641 819 1704 sinceritatem
840 1662 975 1723 unquam
1009 1643 1159 1726 corrumpi
1182 1651 1236 1706 arrt
1259 1665 1307 1705 cu-

169 1744 351 1828 piditatibus
375 1744 621 1826 libidinibusque
645 1744 719 1808 adeo
743 1767 775 1808 se
799 1747 948 1809 occaecari
973 1767 1081 1830 passus
1104 1753 1160 1824 est,
1185 1755 1220 1810 ut
1241 1748 1305 1811 veri

168 1850 308 1930 rectique
331 1849 505 1912 naturalem
529 1870 653 1913 sensnm
677 1849 868 1931 extingueret
890 1856 919 1913 et
941 1872 1046 1915 eorum
1070 1851 1124 1932 qui
1140 1871 1173 1914 se
1189 1871 1304 1932 suaque

166 1953 295 2016 consilia
317 1953 421 2018 omnia
441 1959 549 2039 poetae
571 1959 677 2037 aperte
693 1953 886 2017 crediderant
901 1954 1042 2018 fiduciam
1058 1956 1191 2039 turpiter
1206 1954 1306 2017 laedo-

166 2065 213 2121 ret
235 2079 270 2137 ac
293 2058 446 2142 deciperet
463 2057 487 2143 1)
531 2057 691 2140 Nusquam
729 2079 801 2122 vero
834 2058 909 2123 alibi
940 2060 1075 2142 egregias
1109 2059 1164 2122 has
1192 2059 1306 2142 ingenii

166 2163 322 2245 animique
346 2163 476 2226 virtutes
500 2183 575 2244 quas
591 2163 790 2248 exposuimus
808 2162 925 2225 Catulli
940 2163 1105 2226 dilucidius
1128 2183 1308 2245 cognoscere

137 2334 141 2340 ,
166 2267 238 2330 licet
261 2288 354 2348 quam
385 2267 418 2328 in
450 2267 556 2350 lyricis
585 2267 771 2330 carminibus
802 2287 862 2329 non
885 2275 949 2329 tam
972 2266 1193 2350 exemplarium
1218 2265 1308 2328 Grae-

167 2392 272 2434 corum
296 2370 468 2434 imitatione
492 2371 647 2456 expressis
670 2391 762 2453 quam
785 2370 883 2454 ipsius
906 2375 1013 2453 poetae
1035 2369 1223 2434 Veronensis
1246 2371 1309 2434 siu·

169 2474 269 2557 gulari
293 2474 424 2556 quadam
460 2482 526 2539 arte
557 2481 588 2538 et
609 2474 713 2539 indole
736 2473 924 2559 compositis
969 2474 1004 2537 Iu
1027 2473 1076 2537 his
1100 2473 1180 2536 enim
1206 2473 1307 2555 qualis

167 2579 208 2642 sit
230 2578 326 2663 lyrica
348 2579 453 2664 poesis
476 2586 507 2643 et
531 2579 639 2667 qualia
660 2579 759 2643 officia
781 2578 845 2641 sint
866 2598 943 2660 quae
966 2600 984 2641 a
1005 2585 1095 2662 poeta
1114 2599 1186 2641 vere
1210 2578 1306 2662 lyrico

166 2683 352 2768 praestanda
375 2682 587 2766 efflagitentur,
612 2683 766 2747 luculento
782 2682 902 2767 primus
919 2683 1057 2766 exemplo
1074 2681 1304 2745 demonstravit.

165 2789 219 2852 Est
241 2810 314 2851 sane
337 2787 476 2851 Catullus
505 2787 614 2872 plenus
649 2795 683 2853 ut
712 2788 757 2852 ita
779 2787 879 2851 dicam
901 2786 1004 2871 poesis
1028 2793 1059 2849 et
1081 2787 1252 2850 venustatis
1276 2794 1307 2849 et

167 2892 287 2974 gratiae·
306 2902 337 2955 ot
359 2892 529 2973 elegantiae
551 2913 608 2956 nec
634 2894 729 2957 verba
756 2896 924 2975 aucupatur
956 2898 1010 2954 aut
1042 2891 1156 2955 formas
1191 2891 1305 2973 quibus

168 2996 336 3060 sententias
360 2995 529 3078 eloquatur,
553 2995 607 3058 sed
631 2996 810 3061 dulcissima
832 3003 862 3059 et
884 2995 1069 3059 suavissima
1091 3017 1146 3059 sua
1169 3016 1306 3078 quaeque

166 3107 275 3184 sponte
299 3123 336 3163 ex
358 3100 468 3163 intimo
494 3107 600 3183 poetae
623 3108 742 3185 pectore
764 3101 899 3164 fluminis
922 3101 1018 3164 instar
1038 3099 1210 3183 proiluunt:
1240 3122 1303 3163 car·

165 3204 337 3268 minacius
360 3204 510 3268 amatoria
533 3211 652 3293 tantam
674 3204 724 3269 vel
748 3205 902 3289 gaudendi
921 3204 971 3268 vel
993 3201 1118 3267 dolendi
1141 3204 1205 3267 vim
1228 3204 1304 3267 veri-

167 3315 322 3390 tatemque
347 3309 463 3392 spirant
485 3329 520 3371 ac
541 3316 693 3374 testantur
708 3318 853 3391 quau-tam
875 3308 929 3370 vix
962 3309 994 3370 in
1017 3307 1099 3370 alius
1123 3307 1305 3389 cuiusquam

164 3418 326 3498 poctarum
358 3413 540 3476 Latinorum
578 3413 718 3479 versibus
752 3411 972 3497 deprehendes.
1031 3411 1176 3487 Quocirca
1214 3419 1246 3474 ot
1278 3411 1305 3472 si

164 3517 278 3580 amoris
306 3513 533 3581 vehementiam
566 3518 649 3581 illam
686 3527 716 3581 ct
744 3518 895 3581 fervorem
918 3536 977 3598 quo
1001 3514 1139 3578 Catullus
1162 3514 1304 3577 Lesbiam

164 3642 253 3685 suam
276 3621 437 3706 amplexus
460 3627 507 3685 est
528 3622 689 3687 nobiscum
712 3621 924 3707 reputabimus
957 3626 986 3682 et
1017 3618 1044 3682 si
1068 3618 1198 3681 eundem
1222 3618 1303 3702 prin-

164 3726 262 3810 cipem
286 3726 486 3810 respiciemus
511 3727 605 3790 luisse
629 3727 681 3808 qui
706 3727 837 3790 diversis
866 3732 1035 3788 metrorum
1056 3724 1219 3805 generibus
1242 3744 1304 3785 me-

162 3829 239 3894 licae
262 3829 388 3912 quidem
412 3830 514 3914 poesis
538 3830 669 3894 Graecae
692 3831 819 3894 scienter
843 3829 1056 3913 eleganterque
1078 3834 1226 3904 uteretur,
1251 3827 1302 3890 vix

161 4041 472 4049 ——-—-.-—--

232 4194 257 4262 l)
285 4197 340 4249 lloc
369 4198 425 4264 ipse
448 4199 525 4264 poeta
546 4194 687 4248 identidem
706 4196 819 4263 ingenue
842 4196 938 4248 fatetur
961 4197 987 4247 iu
1007 4194 1163 4247 carminibus
1183 4193 1301 4246 LXXVI.

161 4288 187 4336 et
199 4284 252 4339 (nt
270 4284 393 4336 Porrimus
408 4288 494 4336 autern
507 4284 649 4335 carminum
662 4298 834 4350 versuumque
846 4298 967 4335 nurneros
982 4298 1026 4334 oris
1045 4281 1139 4347 quibus
1152 4279 1301 4332 Schwabius

128 4380 131 4385 '
161 4372 188 4422 in
207 4371 319 4423 editione
338 4386 385 4422 sua
405 4370 496 4423 Gissae
517 4370 582 4423 1866
601 4386 664 4422 usus
683 4380 730 4422 est.
