2872 4852
608 240 616 244 ,
675 147 729 245 ,11

145 341 213 425 p.4
237 349 299 403 tres
322 339 384 402 iam
414 337 470 400 illo
494 349 631 422 tempore
654 336 746 400 Gellii
770 337 912 402 extitisse
934 338 966 401 in
990 338 1103 402 Catulli
1127 339 1280 424 exempla-

146 444 231 507 ribus
255 443 347 506 buius
369 442 427 504 leci
451 441 596 506 lectiones
619 463 694 524 quas
718 441 787 505 vide
810 441 893 526 apud
917 441 1113 506 Schwabium
1143 443 1233 509 adh.
1258 445 1278 507 l.

145 548 264 611 Deinde
297 553 387 632 poeta
417 545 565 629 singulari
596 566 722 609 numere
754 546 857 631 posuit
884 549 924 608 r'le
951 546 982 608 in
1012 547 1155 609 carminis
1177 547 1278 610 LXlll

147 674 238 717 versu
261 655 282 718 5
304 651 428 714 mirifice
451 672 469 713 a
491 648 628 714 librariis
652 657 804 734 corrupto.
850 650 943 713 Cuius
960 649 1085 732 quidem
1107 651 1281 715 emendatio

146 757 312 843 plurimum
334 753 426 819 debet
441 753 636 817 Lachmanno
659 761 690 817 et
710 753 847 838 Hauptio
870 774 997 836 quorum
1023 754 1075 817 ille
1095 754 1207 818 tradita
1222 754 1282 818 lec-

145 861 230 926 tione
252 862 339 923 cletas
362 858 471 921 merito
506 864 640 921 resecata
661 859 702 920 ile
732 856 878 937 restituit,
914 858 963 921 hie
993 858 1122 922 sormam
1157 861 1284 922 deculcat

148 966 222 1029 scite
244 962 374 1027 invenit.
420 962 562 1025 Ceterum
585 961 772 1024 Lachmanni
795 961 967 1025 coniectura
989 982 1079 1045 quam
1105 962 1282 1026 01000000-
1314 1029 1318 1034 ,

149 1069 222 1134 10111
246 1068 427 1152 interpretes
449 1073 642 1150 receperunt,
671 1066 791 1148 egregie
817 1065 1048 1129 commendatur
1070 1066 1169 1130 Servii
1197 1066 1281 1130 testi·

146 1173 249 1237 monio
281 1169 321 1234 ad
346 1169 436 1251 Verg.
467 1170 531 1236 Ecl.
561 1169 632 1246 Vll,
665 1171 705 1234 26
737 1176 767 1233 et
798 1169 875 1233 Aen.
904 1168 977 1247 Vll,
1008 1171 1070 1233 499
1106 1169 1156 1254 (01.
1191 1170 1282 1233 etiam

147 1277 277 1342 llitschl.
301 1275 335 1337 in
357 1295 436 1338 mus.
460 1273 555 1337 Rhen.
580 1274 639 1337 Vll
662 1296 690 1358 p.
712 1277 775 1340 312
791 1274 862 1358 sq).
909 1273 1069 1337 Praeterea
1091 1275 1117 1336 si
1146 1274 1283 1338 conside-

147 1403 251 1445 ramus
274 1380 415 1463 quotiens
431 1378 573 1442 Catullus
595 1400 613 1441 a
635 1383 805 1441 ceterorum
829 1399 887 1442 usu
908 1378 1053 1461 loquendi
1076 1378 1230 1463 discrepet
1253 1386 1284 1442 et

148 1486 174 1549 si
197 1503 410 1568 comparamus
433 1482 579 1547 traditam
602 1481 763 1545 lectionem
791 1482 824 1544 in
852 1503 913 1565 qua
941 1485 1090 1566 genuinae
1114 1485 1284 1569 scripturae

147 1589 280 1670 vestigia
301 1587 555 1651 manifestissima
577 1586 682 1663 latent,
706 1585 794 1648 nulla
816 1587 940 1650 omnino
964 1588 1116 1654 dubitatio
1140 1596 1186 1652 est
1208 1588 1282 1670 quin

151 1713 261 1757 manus
295 1699 402 1776 poetae
434 1691 589 1772 singulare
622 1709 735 1752 nomen
768 1689 887 1755 dederit
920 1694 1071 1759 ‘castitate
1106 1714 1179 1778 prae
1213 1692 1284 1756 aliis

149 1795 395 1861 commendatum
428 1801 458 1859 ot
488 1795 557 1879 ipsa
588 1796 703 1858 formae
731 1793 877 1859 varietate
910 1803 941 1860 et
967 1798 1097 1862 fortasse
1129 1802 1283 1860 vetustate

148 1903 221 1966 huic
243 1900 388 1977 carmini,
417 1899 449 1962 in
479 1919 538 1982 quo
565 1898 683 1963 altioris
710 1906 740 1962 et
768 1899 952 1982 antiquioris
977 1901 1128 1965 sermonis
1151 1901 1283 1984 speeiem

150 2005 287 2071 studiose
310 2011 442 2070 sectatus
458 2009 513 2077 est,
537 2003 676 2089 inprimis
692 2009 807 2087 aptum‘
832 2005 868 2068 ef.
892 2005 1153 2090 HauptiiQuaest.
1168 2004 1283 2069 Catuli.

150 2134 179 2197 p.
198 2113 246 2176 70.
272 2109 364 2191 gloss.
382 2108 475 2172 Labb.
500 2130 526 2192 p.
543 2109 591 2173 87.
618 2144 656 2153 —
680 2106 767 2171 Neue
790 2108 815 2186 l,
838 2131 867 2193 p.
883 2109 957 2174 293.
1001 2109 1152 2174 Similiter
1176 2116 1283 2173 neutro

149 2236 257 2297 genere
274 2215 450 2295 pugillaria
473 2210 552 2275 dixit
573 2211 732 2290 XXXXII,
760 2214 779 2276 5
802 2233 857 2296 pre
882 2212 1000 2294 vulgari
1017 2215 1193 2295 pupillares
1216 2213 1283 2277 scil.

148 2317 248 2382 libelli
271 2339 295 2380 s.
319 2315 460 2394 codicilli,
483 2321 694 2399 praeterquam
712 2316 793 2397 quod
810 2316 968 2394 Laberius
992 2316 1129 2380 eiusdem
1154 2337 1216 2399 qua
1230 2319 1285 2381 Oa·

149 2422 249 2488 currus
273 2419 596 2504 0100000000.
621 2417 704 2504 apuu
714 2419 890 2483 craesum
901 2420 925 2500 1,
942 2441 970 2505 p.
982 2421 1023 2486 ra
1045 2421 1079 2484 r.
1096 2423 1137 2487 aa
1163 2421 1232 2505 u.1)
1256 2406 1312 2486 a

150 2525 307 2592 Ausonius
322 2522 424 2608 Epigr.
444 2523 515 2602 146,
535 2522 554 2586 3
578 2522 773 2606 singulariter
792 2526 933 2606 pugillar
952 2524 1148 2610 scripserunt.
1192 2527 1285 2591 Perre

149 2629 333 2696 vocabulum
358 2627 439 2710 quod
463 2627 587 2692 insolita
609 2649 679 2691 cum
701 2628 918 2692 terminatione
941 2628 1103 2695 insolitum
1118 2629 1214 2693 simul
1237 2651 1286 2712 ge-

151 2756 211 2800 nus
234 2733 344 2811 induit,
369 2741 414 2797 est
436 2733 546 2796 tardae
568 2731 695 2809 LXllll,
722 2734 781 2798 107
815 2732 1011 2796 ‘indomitum
1034 2734 1144 2798 turben
1168 2740 1285 2798 contor-

152 2861 252 2923 quens
273 2837 398 2901 flamine
420 2838 532 2901 001100.ι
576 2836 614 2900 10
644 2836 693 2900 his
717 2836 790 2900 libri
822 2857 927 2901 omnes
954 2838 1102 2922 praebent
1133 2837 1286 2917 „indomi-

150 2952 200 3008 tus
230 2944 343 3008 turbo“
373 2947 493 3026 praeter
522 2939 623 3004 selum
650 2942 814 3021 Datanum,
849 2942 903 3023 qui
935 2962 979 3026 pr.
1004 2963 1046 3006 m.
1089 2942 1286 3007 ‘indomitum

153 3047 254 3112 turbe‘
278 3047 387 3122 habet,
412 3043 493 3108 unde
517 3044 700 3128 Spengelius
723 3052 754 3108 et
775 3045 986 3111 Freehliehius
1010 3047 1125 3129 quibus
1148 3045 1287 3132 plerique

151 3151 270 3216 assensi
283 3157 364 3227 sunt,
389 3151 575 3234 superiorem
591 3149 774 3234 scripturam
791 3149 905 3234 optime
920 3151 1083 3231 finxerunt,
1106 3152 1284 3237 praesertim

107 3284 110 3289 ·
152 3277 221 3321 eum
243 3255 370 3320 Servius
392 3254 432 3318 ad
454 3254 529 3318 Aen.
548 3252 694 3332 V11,378
718 3253 792 3316 haee
814 3255 942 3320 referat:
978 3255 1126 3320 ‘Catullus
1149 3257 1207 3320 heo
1220 3262 1286 3321 tur-

153 3363 212 3426 ben
236 3358 311 3422 dieit
332 3365 367 3423 ut
389 3358 447 3422 hee
469 3364 610 3423 000000.ί
656 3357 724 3421 Non
745 3356 892 3438 haerebit,
924 3360 1041 3444 opinor,
1065 3359 1098 3423 in
1113 3359 1176 3424 ista
1190 3360 1288 3424 forma

152 3464 254 3528 miuus
277 3462 391 3527 usitata
413 3482 505 3546 quam
527 3469 629 3527 tamen
651 3461 701 3527 vol
724 3462 880 3527 Charisius
903 3450 928 3526 1‘.
952 3485 982 3548 p.
999 3465 1040 3529 48
1063 3464 1095 3527 in
1119 3464 1287 3549 exemplari

152 3589 208 3634 suo
231 3565 349 3630 Tibulli
373 3565 397 3642 l,
421 3571 451 3644 5,
475 3566 494 3630 3
516 3566 628 3650 legisse
650 3567 784 3646 videtur,
808 3567 860 3649 qui
883 3568 957 3632 haec
979 3567 1141 3632 contulerit
1163 3569 1288 3633 nomina

155 3677 294 3737 veterum
326 3691 383 3734 usu
410 3670 485 3734 satis
513 3671 576 3736 lato
604 3671 795 3757 pervulgata:
828 3672 952 3754 sanguis
981 3677 1012 3734 et
1040 3692 1177 3754 sanguen
1205 3673 1287 3758 apud

152 3775 285 3841 Ennium
306 3774 430 3839 Attium
453 3776 637 3855 Lucretium,
660 3775 751 3861 pollis
774 3781 804 3839 et
825 3775 929 3860 pollen
952 3774 1032 3857 aqud
1056 3775 1131 3839 alios
1155 3783 1186 3841 et
1208 3799 1288 3842 mas·

154 3881 257 3946 culino
280 3884 311 3942 et
332 3888 438 3944 neutro
461 3902 569 3962 genere
592 3881 699 3945 affecta
721 3882 757 3946 ef.
774 3878 860 3943 Neue
877 3880 901 3945 1.
924 3902 953 3966 p.
973 3880 1043 3945 153.
1061 3880 1133 3947 514.
1171 3882 1288 3966 Reisig.

225 4141 252 4210 1)
268 4144 353 4197 Huius
371 4144 455 4197 locum
474 4145 518 4211 qui
536 4144 569 4197 ad
582 4143 711 4196 Catullum
730 4157 831 4210 quoque
849 4145 956 4210 spectat,
975 4143 1127 4211 pulcerrime
1145 4144 1291 4197 emendavit

155 4232 283 4299 Hauptius
302 4230 355 4284 ind.
374 4230 431 4284 leet.
450 4230 533 4284 Berol.
552 4231 641 4283 aestio.
662 4229 727 4284 1855
746 4231 800 4297 p.4
819 4230 850 4283 cf.
864 4230 941 4282 etiam
954 4227 1195 4292 SchwabiiQuaest.
1206 4229 1289 4286 Gatl.

154 4334 180 4376 0.
195 4317 230 4373 24
241 4333 280 4384 00.
