2872 4852
701 149 722 214 2

146 345 177 403 et
198 338 343 403 instituta
364 338 446 403 vitae
473 358 581 423 resque
611 337 796 403 domesticae
828 344 1104 423 corrumperentur,
1139 340 1281 403 omnibus

147 442 265 508 viribus
288 443 467 506 nitebantur
488 448 523 506 ut
544 441 606 506 tale
628 441 799 527 periculum
830 463 848 504 a
876 440 1032 527 republica
1059 442 1280 527 propulsarent.

147 545 234 622 Quod
259 545 385 628 quidem
407 548 560 608 mutatum
584 552 631 610 est
653 549 711 612 sub
740 546 834 610 finem
856 546 978 632 septimi
1001 549 1040 612 ab
1062 547 1137 610 urbe
1160 545 1284 611 condita

146 650 263 715 saeculi
279 671 341 713 non
356 670 460 713 rerum
474 647 566 712 modo
583 650 777 735 publicarum
794 650 1001 729 conversione,
1017 648 1069 714 sed
1086 652 1177 714 etiam
1193 650 1283 714 novis

146 774 222 837 quas
245 753 368 818 litterae
391 753 547 817 Romanae
570 752 708 817 inierunt
729 753 791 818 viis
813 754 1044 836 rationibusque
1066 754 1199 818 maxime
1220 776 1283 817 me-

147 859 340 924 morabilem.
386 857 425 921 Et
446 855 523 920 illud
546 857 674 939 quidem
703 858 808 942 paullo
831 864 901 942 post
922 858 1022 942 aptior
1045 859 1104 923 erit
1125 859 1211 922 locus
1234 880 1283 921 ex·

147 960 303 1047 plicandi,
327 962 385 1025 hoe
405 981 476 1025 vero
498 966 535 1024 ut
557 961 730 1025 accuratius
752 962 934 1046 pleniusque
956 963 1058 1044 quoad
1079 983 1129 1026 res
1151 962 1285 1048 postulat

148 1065 351 1148 inquiramuS,
375 1065 450 1129 satis
473 1065 628 1146 cognitum
651 1072 698 1129 est
720 1086 812 1148 quam
835 1063 944 1149 cupide
959 1063 1092 1129 Romani
1107 1066 1164 1129 illa
1185 1071 1284 1130 aetate

147 1169 248 1233 fontes
273 1169 456 1233 Graecarum
480 1167 653 1232 litterarum
675 1169 848 1232 uberrimos
870 1167 990 1231 adirent
1017 1190 1054 1232 ex
1077 1169 1177 1252 iisque
1198 1191 1284 1254 prae·

146 1279 234 1358 cepta
256 1273 453 1356 elegantioris
477 1271 559 1336 vitae
580 1279 611 1336 et
624 1273 777 1357 politioris
792 1271 993 1335 humanitatis
1008 1271 1174 1338 haurirent.
1204 1273 1285 1336 Nam

147 1377 237 1441 sicuti
260 1377 442 1441 Graecorum
473 1380 503 1439 et
527 1375 785 1462 philosophorum
821 1381 852 1439 et
873 1376 1029 1439 rhetorum
1061 1383 1091 1440 et
1112 1378 1285 1458 grammati-

149 1502 256 1544 corum
279 1482 382 1545 omnia
403 1480 437 1543 in
458 1480 535 1544 urbe
558 1478 651 1564 plena
682 1486 768 1543 erant
800 1500 835 1543 ac
861 1480 973 1543 referta
994 1479 1096 1562 iisque
1117 1481 1285 1563 primorum

147 1585 312 1649 hominum
334 1585 425 1648 aedes
448 1585 610 1669 patebant,
633 1583 681 1648 ita
703 1583 816 1647 civium
838 1583 969 1667 quisque
992 1584 1199 1647 Romanorum
1232 1585 1286 1666 qui

152 1710 224 1751 cum
246 1689 279 1751 in
301 1689 407 1771 aliquo
430 1707 559 1750 numero
582 1686 748 1751 ethonore
770 1687 865 1751 vellet
886 1709 952 1751 esse
974 1693 1042 1751 tum
1064 1709 1176 1751 nomen
1190 1688 1287 1752 homi-

151 1793 201 1856 nis
224 1814 295 1856 vere
318 1791 430 1856 urbani
454 1791 513 1858 sibi
537 1789 717 1871 vindicaret,
740 1812 830 1855 omne
845 1791 927 1873 quod
942 1790 1094 1875 reliquum
1110 1798 1174 1856 erat
1188 1792 1287 1856 otium

148 1896 259 1961 studiis
292 1895 415 1959 Graecis
449 1897 602 1974 navabat,
643 1896 833 1980 praesertim!
855 1916 925 1959 oum
953 1896 985 1959 in
1009 1895 1075 1961 dies
1098 1896 1192 1961 latius
1213 1897 1288 1960 haee

149 2001 301 2066 sententia
323 1998 444 2084 vulgari
468 2006 575 2084 coepta
606 2006 688 2064 esset
710 2000 765 2084 qui
787 2000 981 2066 subtiliorem
1004 2002 1160 2084 quandam
1185 2022 1288 2065 rerum

148 2105 352 2187 cognitionem
374 2103 434 2169 sibi
459 2104 643 2189 peperisset,
677 2125 748 2168 eum
769 2105 866 2169 multo
884 2105 984 2177 ⁴etiam
1006 2105 1204 2168 efficaciorem
1225 2106 1294 2192 lorq

149 2208 187 2273 ad
210 2208 435 2293 rempublicam
459 2209 537 2273 bene
559 2207 831 2272 administrandam
848 2206 886 2270 ad
903 2226 1101 2289 summosque
1123 2207 1155 2268 in
1179 2226 1215 2269 ea
1236 2205 1289 2269 ho-

149 2332 239 2376 nores
256 2310 469 2396 capessendos.
501 2310 601 2374 Tanta
622 2310 718 2394 igitur
734 2311 817 2374 vitae
833 2308 1065 2392 studiorumque
1080 2309 1287 2374 Romanorum

148 2416 317 2480 mutatione
339 2413 511 2478 necessario
534 2413 675 2477 effectum
698 2421 761 2493 est,
784 2421 820 2477 ut
841 2413 961 2477 litterae
983 2433 1104 2498 quoque
1127 2433 1233 2478 eorum
1256 2413 1288 2476 in

150 2541 246 2584 novas
269 2520 383 2582 formas
405 2517 580 2595 transirent,
605 2517 719 2603 quippe
750 2539 819 2582 cum
847 2518 1010 2603 scriptores
1033 2517 1190 2600 aliquanto
1219 2516 1290 2581 dili-

152 2624 276 2710 gentius
307 2643 399 2706 quam
428 2628 519 2686 antea
542 2620 728 2685 Graecorum
756 2621 905 2706 exemplis
928 2642 960 2685 se
983 2620 1173 2706 applicarent
1194 2642 1289 2705 eaque

151 2729 178 2791 si
200 2748 260 2792 non
285 2746 441 2812 superare,
472 2732 576 2790 tamen
609 2731 759 2809 quantum
792 2725 859 2789 fieri
888 2725 990 2809 potuit
1023 2746 1195 2808 exaequare
1226 2733 1289 2790 stu-

151 2833 265 2897 derent.
311 2831 398 2910 Quod
424 2831 456 2894 in
490 2829 598 2916 primis
624 2834 775 2894 testantur
797 2828 965 2894 Sallustius
987 2829 1151 2894 historicus
1183 2837 1214 2894 et
1236 2830 1290 2894 Ca-

151 2936 261 3013 tulluS,
286 2935 424 3019 egregius
447 2935 654 2999 Romanorum
681 2932 797 3019 lyricus
827 2935 963 3019 poeta1).
1008 2932 1088 2996 Nam
1111 2955 1181 2997 curn
1203 2954 1289 3019 prae·

153 3040 331 3105 cedentibus
354 3038 478 3122 quidem
499 3039 690 3123 temporibus
713 3038 816 3124 poesis
838 3037 899 3102 nisi
915 3036 955 3100 ad
969 3037 1155 3122 reipublicae
1170 3037 1289 3123 populi-

153 3165 213 3228 que
235 3143 370 3207 rationes
392 3163 454 3206 non
477 3164 509 3206 se
532 3143 734 3216 adiunxisset,
756 3141 877 3227 primus
900 3162 966 3205 eam
989 3141 1212 3225 adhibuitque
1234 3160 1290 3203 sua

153 3248 252 3333 ipsius
276 3247 407 3332 cogitata
430 3252 461 3310 et
483 3266 574 3310 sensa
605 3247 789 3332 exprimeret
816 3267 852 3309 ao
874 3245 1054 3330 designaret.
1098 3245 1142 3309 At
1163 3262 1289 3329 poeseos

152 3360 255 3417 tamen
279 3350 396 3435 lyricae
422 3348 611 3415 Catullianae
633 3371 711 3434 quae
733 3349 857 3435 proprie
880 3348 990 3413 dieitur
1012 3350 1075 3414 vim
1098 3356 1129 3412 et
1150 3353 1291 3411 naturam

153 3457 179 3521 si
201 3455 421 3541 perpendimus
444 3461 474 3519 et
497 3453 736 3534 consideramus,
760 3459 882 3518 tantum
904 3454 961 3518 illa
983 3457 1070 3518 abest
1088 3459 1123 3516 ut
1137 3474 1174 3516 ex
1189 3473 1290 3516 amore

154 3560 269 3646 patriae
293 3579 328 3623 ao
350 3558 503 3623 libertatis
526 3558 677 3642 originem
699 3559 827 3622 traxerit
847 3559 980 3641 indeque
1003 3558 1163 3622 materiam
1179 3577 1290 3621 sermo-

153 3665 201 3729 nis
218 3664 403 3727 uberrimam
419 3662 606 3749 repetiverit,
630 3662 663 3726 id
680 3662 761 3745 quod
776 3684 920 3746 magnam
934 3669 1093 3748 poetarum
1109 3661 1291 3726 Graecorum

154 3890 464 3901 ---.-.--

227 4045 249 4114 1)
272 4047 304 4103 of.
323 4045 463 4099 Teuffelius
482 4046 510 4098 in
527 4045 587 4098 hist.
607 4046 657 4100 litt.
675 4045 750 4098 Rom.
768 4062 794 4113 p.
808 4035 867 4099 357.
885 4072 918 4082 -
938 4044 1057 4098 Ceterum
1076 4046 1104 4099 in
1123 4045 1170 4097 bac
1187 4059 1215 4095 re
1233 4043 1290 4111 plu-

157 4136 251 4187 rimam
269 4134 337 4187 vara
357 4131 492 4185 nicoeno
510 4132 633 4185 iudicium
653 4134 696 4200 qur
714 4133 742 4184 11
760 4119 820 4185 nist.
833 4133 907 4186 nom.
920 4132 963 4185 111.
982 4150 1007 4200 p.
1022 4132 1071 4186 mr
1090 4131 1218 4185 domuum
1238 4146 1291 4182 om-

156 4222 230 4274 nium
243 4208 382 4288 'poetarum
401 4219 550 4271 Latinorum
570 4219 644 4272 facile
663 4220 804 4286 principem
823 4219 905 4272 fuisse
924 4235 976 4272 non
994 4219 1122 4273 dubitavit
1138 4217 1292 4271 contendere

155 4323 202 4360 nec
220 4307 252 4359 ab
271 4322 301 4359 eo
320 4307 458 4359 dissentire
476 4306 578 4358 videtur
595 4307 779 4370 Mommsenus‚
797 4306 857 4357 hist.
876 4306 950 4359 Rom.
963 4305 1023 4359 Ill.l
1039 4322 1064 4373 p.
1076 4302 1136 4360 585.
