<?xml version="1.0" encoding="UTF-8"?>
<!DOCTYPE html PUBLIC "-//W3C//DTD XHTML 1.0 Transitional//EN"
    "http://www.w3.org/TR/xhtml1/DTD/xhtml1-transitional.dtd">
<html xmlns="http://www.w3.org/1999/xhtml" xml:lang="en" lang="en">
 <head>
  <title>
</title>
<meta http-equiv="Content-Type" content="text/html;charset=utf-8" />
  <meta name='ocr-system' content='tesseract 3.04.00' />
  <meta name='ocr-capabilities' content='ocr_page ocr_carea ocr_par ocr_line ocrx_word'/>
</head>
<body>
  <div class='ocr_page' id='page_1' title='image "./decatullianorum00reecgoog_0010.png"; bbox 0 0 2872 4852; ppageno 0'>
   <div class='ocr_carea' id='block_1_1' title="bbox 297 1463 1103 1580">
    <p class='ocr_par' dir='ltr' id='par_1_1' title="bbox 297 1463 1103 1580">
     <span class='ocr_line' id='line_1_1' title="bbox 297 1463 1103 1580; baseline -0.009 0"><span class='ocrx_word' id='word_1_1' title='bbox 297 1471 367 1580; x_wconf 83' lang='lat' dir='ltr'>lle</span> <span class='ocrx_word' id='word_1_2' title='bbox 404 1468 789 1579; x_wconf 79' lang='lat' dir='ltr'>Catulliaoorum</span> <span class='ocrx_word' id='word_1_3' title='bbox 825 1463 1103 1579; x_wconf 86' lang='lat' dir='ltr'>carminum</span> 
     </span>
    </p>
   </div>
   <div class='ocr_carea' id='block_1_2' title="bbox 406 1676 982 1811">
    <p class='ocr_par' dir='ltr' id='par_1_2' title="bbox 406 1676 982 1811">
     <span class='ocr_line' id='line_1_2' title="bbox 406 1676 982 1811; baseline -0.005 -21"><span class='ocrx_word' id='word_1_4' title='bbox 406 1676 408 1682; x_wconf 20' lang='grc' dir='ltr'>Ι</span> <span class='ocrx_word' id='word_1_5' title='bbox 453 1739 490 1790; x_wconf 85' lang='lat' dir='ltr'>re</span> <span class='ocrx_word' id='word_1_6' title='bbox 518 1721 740 1811; x_wconf 68' lang='lat' dir='ltr'>grammatica</span> <span class='ocrx_word' id='word_1_7' title='bbox 766 1721 804 1789; x_wconf 84' lang='lat' dir='ltr'>et</span> <span class='ocrx_word' id='word_1_8' title='bbox 832 1720 982 1789; x_wconf 84' lang='lat' dir='ltr'>metrica.</span> 
     </span>
    </p>
   </div>
   <div class='ocr_carea' id='block_1_3' title="bbox 144 2094 1335 4414">
    <p class='ocr_par' dir='ltr' id='par_1_3' title="bbox 144 2094 1335 4414">
     <span class='ocr_line' id='line_1_3' title="bbox 216 2094 1288 2230; baseline -0.007 -19"><span class='ocrx_word' id='word_1_9' title='bbox 216 2094 268 2211; x_wconf 76' lang='lat' dir='ltr'>Si</span> <span class='ocrx_word' id='word_1_10' title='bbox 304 2147 372 2230; x_wconf 91' lang='lat' dir='ltr'>quis</span> <span class='ocrx_word' id='word_1_11' title='bbox 400 2146 561 2209; x_wconf 87' lang='lat' dir='ltr'>universae</span> <span class='ocrx_word' id='word_1_12' title='bbox 590 2146 692 2230; x_wconf 91' lang='lat' dir='ltr'>poesis</span> <span class='ocrx_word' id='word_1_13' title='bbox 717 2146 846 2210; x_wconf 82' lang='lat' dir='ltr'>Latinae</span> <span class='ocrx_word' id='word_1_14' title='bbox 876 2144 948 2208; x_wconf 88' lang='lat' dir='ltr'>iude</span> <span class='ocrx_word' id='word_1_15' title='bbox 970 2166 989 2207; x_wconf 89' lang='lat' dir='ltr'>a</span> <span class='ocrx_word' id='word_1_16' title='bbox 1010 2141 1208 2207; x_wconf 85' lang='lat' dir='ltr'>nascentibus</span> <span class='ocrx_word' id='word_1_17' title='bbox 1231 2141 1288 2204; x_wconf 84' lang='lat' dir='ltr'>Ro-</span> 
     </span>
     <span class='ocr_line' id='line_1_4' title="bbox 144 2246 1290 2331; baseline -0.006 -16"><span class='ocrx_word' id='word_1_18' title='bbox 144 2273 304 2316; x_wconf 90' lang='lat' dir='ltr'>manorum</span> <span class='ocrx_word' id='word_1_19' title='bbox 329 2250 442 2314; x_wconf 88' lang='lat' dir='ltr'>litteris</span> <span class='ocrx_word' id='word_1_20' title='bbox 470 2249 671 2313; x_wconf 69' lang='lat' dir='ltr'>adamatam</span> <span class='ocrx_word' id='word_1_21' title='bbox 695 2269 794 2331; x_wconf 90' lang='lat' dir='ltr'>usque</span> <span class='ocrx_word' id='word_1_22' title='bbox 819 2248 975 2313; x_wconf 81' lang='lat' dir='ltr'>Ciceronis</span> <span class='ocrx_word' id='word_1_23' title='bbox 1003 2248 1166 2311; x_wconf 80' lang='lat' dir='ltr'>historiam</span> <span class='ocrx_word' id='word_1_24' title='bbox 1189 2246 1290 2309; x_wconf 90' lang='lat' dir='ltr'>auimo</span> 
     </span>
     <span class='ocr_line' id='line_1_5' title="bbox 148 2352 1291 2441; baseline -0.006 -21"><span class='ocrx_word' id='word_1_25' title='bbox 148 2355 393 2441; x_wconf 75' lang='lat' dir='ltr'>perlustraverit,</span> <span class='ocrx_word' id='word_1_26' title='bbox 418 2375 486 2425; x_wconf 89' lang='lat' dir='ltr'>cum</span> <span class='ocrx_word' id='word_1_27' title='bbox 503 2354 592 2417; x_wconf 91' lang='lat' dir='ltr'>multi</span> <span class='ocrx_word' id='word_1_28' title='bbox 616 2360 646 2417; x_wconf 90' lang='lat' dir='ltr'>et</span> <span class='ocrx_word' id='word_1_29' title='bbox 662 2354 776 2418; x_wconf 89' lang='lat' dir='ltr'>eruditi</span> <span class='ocrx_word' id='word_1_30' title='bbox 792 2353 942 2430; x_wconf 88' lang='lat' dir='ltr'>homiues,</span> <span class='ocrx_word' id='word_1_31' title='bbox 969 2352 1049 2416; x_wconf 88' lang='lat' dir='ltr'>inter</span> <span class='ocrx_word' id='word_1_32' title='bbox 1066 2373 1143 2434; x_wconf 89' lang='lat' dir='ltr'>quos</span> <span class='ocrx_word' id='word_1_33' title='bbox 1159 2352 1291 2436; x_wconf 87' lang='lat' dir='ltr'>primum</span> 
     </span>
     <span class='ocr_line' id='line_1_6' title="bbox 148 2455 1291 2543; baseline -0.005 -20"><span class='ocrx_word' id='word_1_34' title='bbox 148 2462 238 2524; x_wconf 79' lang='lat' dir='ltr'>facile</span> <span class='ocrx_word' id='word_1_35' title='bbox 263 2461 364 2523; x_wconf 86' lang='lat' dir='ltr'>locum</span> <span class='ocrx_word' id='word_1_36' title='bbox 387 2455 506 2521; x_wconf 84' lang='lat' dir='ltr'>Ennius</span> <span class='ocrx_word' id='word_1_37' title='bbox 530 2459 657 2538; x_wconf 86' lang='lat' dir='ltr'>obtinet,</span> <span class='ocrx_word' id='word_1_38' title='bbox 681 2459 729 2523; x_wconf 87' lang='lat' dir='ltr'>vir</span> <span class='ocrx_word' id='word_1_39' title='bbox 744 2458 910 2543; x_wconf 85' lang='lat' dir='ltr'>multiplex</span> <span class='ocrx_word' id='word_1_40' title='bbox 926 2465 957 2521; x_wconf 88' lang='lat' dir='ltr'>et</span> <span class='ocrx_word' id='word_1_41' title='bbox 979 2457 1132 2541; x_wconf 87' lang='lat' dir='ltr'>copiosus,</span> <span class='ocrx_word' id='word_1_42' title='bbox 1155 2455 1291 2519; x_wconf 87' lang='lat' dir='ltr'>maxime</span> 
     </span>
     <span class='ocr_line' id='line_1_7' title="bbox 149 2560 1292 2647; baseline -0.004 -21"><span class='ocrx_word' id='word_1_43' title='bbox 149 2565 229 2628; x_wconf 89' lang='lat' dir='ltr'>inter</span> <span class='ocrx_word' id='word_1_44' title='bbox 253 2587 285 2626; x_wconf 86' lang='lat' dir='ltr'>se</span> <span class='ocrx_word' id='word_1_45' title='bbox 309 2564 432 2628; x_wconf 88' lang='lat' dir='ltr'>diversa</span> <span class='ocrx_word' id='word_1_46' title='bbox 460 2563 561 2647; x_wconf 89' lang='lat' dir='ltr'>poesis</span> <span class='ocrx_word' id='word_1_47' title='bbox 594 2584 708 2644; x_wconf 83' lang='lat' dir='ltr'>genera</span> <span class='ocrx_word' id='word_1_48' title='bbox 735 2584 805 2626; x_wconf 92' lang='lat' dir='ltr'>cum</span> <span class='ocrx_word' id='word_1_49' title='bbox 833 2562 949 2627; x_wconf 87' lang='lat' dir='ltr'>leviora</span> <span class='ocrx_word' id='word_1_50' title='bbox 977 2571 1041 2624; x_wconf 87' lang='lat' dir='ltr'>tum</span> <span class='ocrx_word' id='word_1_51' title='bbox 1070 2560 1211 2642; x_wconf 83' lang='lat' dir='ltr'>graviora</span> <span class='ocrx_word' id='word_1_52' title='bbox 1240 2580 1292 2622; x_wconf 82' lang='lat' dir='ltr'>ex-</span> 
     </span>
     <span class='ocr_line' id='line_1_8' title="bbox 149 2662 1290 2750; baseline -0.005 -20"><span class='ocrx_word' id='word_1_53' title='bbox 149 2669 294 2745; x_wconf 76' lang='lat' dir='ltr'>colerent,</span> <span class='ocrx_word' id='word_1_54' title='bbox 319 2667 475 2731; x_wconf 89' lang='lat' dir='ltr'>neminem</span> <span class='ocrx_word' id='word_1_55' title='bbox 499 2688 605 2730; x_wconf 88' lang='lat' dir='ltr'>eorum</span> <span class='ocrx_word' id='word_1_56' title='bbox 627 2667 667 2731; x_wconf 89' lang='lat' dir='ltr'>ad</span> <span class='ocrx_word' id='word_1_57' title='bbox 689 2667 825 2732; x_wconf 91' lang='lat' dir='ltr'>carmina</span> <span class='ocrx_word' id='word_1_58' title='bbox 847 2665 946 2750; x_wconf 81' lang='lat' dir='ltr'>lyrica</span> <span class='ocrx_word' id='word_1_59' title='bbox 967 2663 1129 2748; x_wconf 83' lang='lat' dir='ltr'>pangenda</span> <span class='ocrx_word' id='word_1_60' title='bbox 1146 2686 1198 2748; x_wconf 88' lang='lat' dir='ltr'>per</span> <span class='ocrx_word' id='word_1_61' title='bbox 1222 2662 1290 2725; x_wconf 91' lang='lat' dir='ltr'>diu-</span> 
     </span>
     <span class='ocr_line' id='line_1_9' title="bbox 147 2768 1288 2856; baseline -0.004 -22"><span class='ocrx_word' id='word_1_62' title='bbox 147 2782 273 2834; x_wconf 86' lang='lat' dir='ltr'>turnum</span> <span class='ocrx_word' id='word_1_63' title='bbox 312 2772 398 2835; x_wconf 90' lang='lat' dir='ltr'>illud·</span> <span class='ocrx_word' id='word_1_64' title='bbox 429 2779 552 2856; x_wconf 90' lang='lat' dir='ltr'>tempus</span> <span class='ocrx_word' id='word_1_65' title='bbox 587 2773 752 2836; x_wconf 81' lang='lat' dir='ltr'>accessisse</span> <span class='ocrx_word' id='word_1_66' title='bbox 784 2772 915 2835; x_wconf 87' lang='lat' dir='ltr'>fortasse</span> <span class='ocrx_word' id='word_1_67' title='bbox 951 2768 1123 2832; x_wconf 89' lang='lat' dir='ltr'>mirabitur.</span> <span class='ocrx_word' id='word_1_68' title='bbox 1173 2768 1288 2831; x_wconf 87' lang='lat' dir='ltr'>Verum</span> 
     </span>
     <span class='ocr_line' id='line_1_10' title="bbox 147 2864 1335 2958; baseline -0.005 -19"><span class='ocrx_word' id='word_1_69' title='bbox 147 2884 251 2940; x_wconf 88' lang='lat' dir='ltr'>tamen</span> <span class='ocrx_word' id='word_1_70' title='bbox 275 2875 356 2938; x_wconf 88' lang='lat' dir='ltr'>unde</span> <span class='ocrx_word' id='word_1_71' title='bbox 379 2876 438 2939; x_wconf 90' lang='lat' dir='ltr'>hoc</span> <span class='ocrx_word' id='word_1_72' title='bbox 459 2876 574 2938; x_wconf 87' lang='lat' dir='ltr'>factum</span> <span class='ocrx_word' id='word_1_73' title='bbox 602 2875 643 2938; x_wconf 85' lang='lat' dir='ltr'>sit</span> <span class='ocrx_word' id='word_1_74' title='bbox 665 2896 774 2939; x_wconf 90' lang='lat' dir='ltr'>causae</span> <span class='ocrx_word' id='word_1_75' title='bbox 801 2882 832 2938; x_wconf 88' lang='lat' dir='ltr'>et</span> <span class='ocrx_word' id='word_1_76' title='bbox 860 2895 914 2958; x_wconf 89' lang='lat' dir='ltr'>per</span> <span class='ocrx_word' id='word_1_77' title='bbox 936 2894 969 2935; x_wconf 90' lang='lat' dir='ltr'>se</span> <span class='ocrx_word' id='word_1_78' title='bbox 993 2879 1065 2935; x_wconf 85' lang='lat' dir='ltr'>sunt</span> <span class='ocrx_word' id='word_1_79' title='bbox 1087 2870 1238 2936; x_wconf 90' lang='lat' dir='ltr'>dilucidae</span> <span class='ocrx_word' id='word_1_80' title='bbox 1261 2877 1291 2934; x_wconf 97' lang='lat' dir='ltr'>et</span> <span class='ocrx_word' id='word_1_81' title='bbox 1333 2864 1335 2868; x_wconf 63' lang='grc'><strong>’</strong></span> 
     </span>
     <span class='ocr_line' id='line_1_11' title="bbox 148 2975 1288 3063; baseline -0.003 -23"><span class='ocrx_word' id='word_1_82' title='bbox 148 2981 255 3063; x_wconf 84' lang='lat' dir='ltr'>paucis</span> <span class='ocrx_word' id='word_1_83' title='bbox 278 2979 407 3041; x_wconf 88' lang='lat' dir='ltr'>indicari</span> <span class='ocrx_word' id='word_1_84' title='bbox 429 2985 569 3062; x_wconf 89' lang='lat' dir='ltr'>possunt.</span> <span class='ocrx_word' id='word_1_85' title='bbox 615 2978 754 3042; x_wconf 91' lang='lat' dir='ltr'>Primum</span> <span class='ocrx_word' id='word_1_86' title='bbox 776 2978 858 3041; x_wconf 91' lang='lat' dir='ltr'>enim</span> <span class='ocrx_word' id='word_1_87' title='bbox 881 2977 959 3041; x_wconf 87' lang='lat' dir='ltr'>civis</span> <span class='ocrx_word' id='word_1_88' title='bbox 973 2977 1129 3040; x_wconf 85' lang='lat' dir='ltr'>Romanus</span> <span class='ocrx_word' id='word_1_89' title='bbox 1145 2975 1288 3058; x_wconf 89' lang='lat' dir='ltr'>quoniam</span> 
     </span>
     <span class='ocr_line' id='line_1_12' title="bbox 149 3080 1289 3166; baseline 0 -23"><span class='ocrx_word' id='word_1_90' title='bbox 149 3103 202 3166; x_wconf 92' lang='lat' dir='ltr'>pro</span> <span class='ocrx_word' id='word_1_91' title='bbox 226 3081 341 3164; x_wconf 84' lang='lat' dir='ltr'>ingenii</span> <span class='ocrx_word' id='word_1_92' title='bbox 363 3087 475 3144; x_wconf 90' lang='lat' dir='ltr'>natura</span> <span class='ocrx_word' id='word_1_93' title='bbox 497 3089 528 3145; x_wconf 90' lang='lat' dir='ltr'>et</span> <span class='ocrx_word' id='word_1_94' title='bbox 549 3081 655 3164; x_wconf 88' lang='lat' dir='ltr'>indole</span> <span class='ocrx_word' id='word_1_95' title='bbox 678 3081 781 3145; x_wconf 90' lang='lat' dir='ltr'>studia</span> <span class='ocrx_word' id='word_1_96' title='bbox 802 3080 894 3163; x_wconf 87' lang='lat' dir='ltr'>atque</span> <span class='ocrx_word' id='word_1_97' title='bbox 917 3087 1000 3144; x_wconf 86' lang='lat' dir='ltr'>artes</span> <span class='ocrx_word' id='word_1_98' title='bbox 1023 3081 1067 3146; x_wconf 92' lang='lat' dir='ltr'>ita</span> <span class='ocrx_word' id='word_1_99' title='bbox 1089 3101 1195 3144; x_wconf 90' lang='lat' dir='ltr'>omnes</span> <span class='ocrx_word' id='word_1_100' title='bbox 1211 3086 1289 3143; x_wconf 90' lang='lat' dir='ltr'>trae·</span> 
     </span>
     <span class='ocr_line' id='line_1_13' title="bbox 148 3183 1290 3270; baseline -0.002 -23"><span class='ocrx_word' id='word_1_101' title='bbox 148 3184 238 3262; x_wconf 90' lang='lat' dir='ltr'>tavit,</span> <span class='ocrx_word' id='word_1_102' title='bbox 262 3191 298 3247; x_wconf 92' lang='lat' dir='ltr'>ut</span> <span class='ocrx_word' id='word_1_103' title='bbox 319 3183 358 3247; x_wconf 92' lang='lat' dir='ltr'>ad</span> <span class='ocrx_word' id='word_1_104' title='bbox 380 3184 478 3249; x_wconf 87' lang='lat' dir='ltr'>vitam</span> <span class='ocrx_word' id='word_1_105' title='bbox 500 3205 650 3267; x_wconf 88' lang='lat' dir='ltr'>usumque</span> <span class='ocrx_word' id='word_1_106' title='bbox 678 3186 876 3270; x_wconf 88' lang='lat' dir='ltr'>potissimum</span> <span class='ocrx_word' id='word_1_107' title='bbox 900 3206 935 3248; x_wconf 92' lang='lat' dir='ltr'>ea</span> <span class='ocrx_word' id='word_1_108' title='bbox 958 3186 1100 3263; x_wconf 81' lang='lat' dir='ltr'>referret,</span> <span class='ocrx_word' id='word_1_109' title='bbox 1128 3185 1195 3248; x_wconf 91' lang='lat' dir='ltr'>fieri</span> <span class='ocrx_word' id='word_1_110' title='bbox 1217 3203 1290 3246; x_wconf 89' lang='lat' dir='ltr'>sane</span> 
     </span>
     <span class='ocr_line' id='line_1_14' title="bbox 145 3289 1289 3374; baseline -0.001 -23"><span class='ocrx_word' id='word_1_111' title='bbox 145 3311 206 3353; x_wconf 92' lang='lat' dir='ltr'>nou</span> <span class='ocrx_word' id='word_1_112' title='bbox 228 3289 330 3373; x_wconf 90' lang='lat' dir='ltr'>potuit</span> <span class='ocrx_word' id='word_1_113' title='bbox 354 3289 431 3371; x_wconf 90' lang='lat' dir='ltr'>quin</span> <span class='ocrx_word' id='word_1_114' title='bbox 453 3309 562 3373; x_wconf 89' lang='lat' dir='ltr'>parum</span> <span class='ocrx_word' id='word_1_115' title='bbox 586 3309 654 3351; x_wconf 93' lang='lat' dir='ltr'>eum</span> <span class='ocrx_word' id='word_1_116' title='bbox 678 3290 862 3374; x_wconf 83' lang='lat' dir='ltr'>attingerent</span> <span class='ocrx_word' id='word_1_117' title='bbox 891 3289 987 3353; x_wconf 92' lang='lat' dir='ltr'>animi</span> <span class='ocrx_word' id='word_1_118' title='bbox 1019 3291 1145 3353; x_wconf 87' lang='lat' dir='ltr'>ali&#39;eotus</span> <span class='ocrx_word' id='word_1_119' title='bbox 1168 3308 1289 3372; x_wconf 90' lang='lat' dir='ltr'>parum-</span> 
     </span>
     <span class='ocr_line' id='line_1_15' title="bbox 146 3392 1290 3477; baseline -0.003 -21"><span class='ocrx_word' id='word_1_120' title='bbox 146 3415 205 3476; x_wconf 90' lang='lat' dir='ltr'>que</span> <span class='ocrx_word' id='word_1_121' title='bbox 228 3393 356 3457; x_wconf 89' lang='lat' dir='ltr'>idoneus</span> <span class='ocrx_word' id='word_1_122' title='bbox 379 3393 433 3457; x_wconf 89' lang='lat' dir='ltr'>ille</span> <span class='ocrx_word' id='word_1_123' title='bbox 456 3392 582 3476; x_wconf 89' lang='lat' dir='ltr'>quidem</span> <span class='ocrx_word' id='word_1_124' title='bbox 603 3403 683 3457; x_wconf 89' lang='lat' dir='ltr'>esset</span> <span class='ocrx_word' id='word_1_125' title='bbox 705 3395 759 3476; x_wconf 92' lang='lat' dir='ltr'>qui</span> <span class='ocrx_word' id='word_1_126' title='bbox 782 3400 883 3458; x_wconf 85' lang='lat' dir='ltr'>totum</span> <span class='ocrx_word' id='word_1_127' title='bbox 907 3415 939 3457; x_wconf 92' lang='lat' dir='ltr'>se</span> <span class='ocrx_word' id='word_1_128' title='bbox 962 3395 996 3456; x_wconf 93' lang='lat' dir='ltr'>in</span> <span class='ocrx_word' id='word_1_129' title='bbox 1020 3392 1232 3477; x_wconf 90' lang='lat' dir='ltr'>voluptatibus</span> <span class='ocrx_word' id='word_1_130' title='bbox 1255 3412 1290 3454; x_wconf 87' lang='lat' dir='ltr'>ae</span> 
     </span>
     <span class='ocr_line' id='line_1_16' title="bbox 147 3495 1288 3579; baseline -0.002 -21"><span class='ocrx_word' id='word_1_131' title='bbox 147 3497 307 3562; x_wconf 88' lang='lat' dir='ltr'>doloribus</span> <span class='ocrx_word' id='word_1_132' title='bbox 330 3498 444 3579; x_wconf 89' lang='lat' dir='ltr'>quibus</span> <span class='ocrx_word' id='word_1_133' title='bbox 467 3497 619 3561; x_wconf 84' lang='lat' dir='ltr'>redundat</span> <span class='ocrx_word' id='word_1_134' title='bbox 641 3497 707 3562; x_wconf 89' lang='lat' dir='ltr'>vita</span> <span class='ocrx_word' id='word_1_135' title='bbox 729 3497 864 3561; x_wconf 90' lang='lat' dir='ltr'>humana</span> <span class='ocrx_word' id='word_1_136' title='bbox 884 3496 1073 3561; x_wconf 89' lang='lat' dir='ltr'>meditandis</span> <span class='ocrx_word' id='word_1_137' title='bbox 1096 3495 1288 3560; x_wconf 89' lang='lat' dir='ltr'>consideran-</span> 
     </span>
     <span class='ocr_line' id='line_1_17' title="bbox 146 3598 1288 3686; baseline -0.001 -23"><span class='ocrx_word' id='word_1_138' title='bbox 146 3601 254 3683; x_wconf 86' lang='lat' dir='ltr'>disque</span> <span class='ocrx_word' id='word_1_139' title='bbox 285 3602 405 3686; x_wconf 83' lang='lat' dir='ltr'>poetica</span> <span class='ocrx_word' id='word_1_140' title='bbox 434 3600 568 3683; x_wconf 89' lang='lat' dir='ltr'>quadam</span> <span class='ocrx_word' id='word_1_141' title='bbox 590 3601 737 3679; x_wconf 85' lang='lat' dir='ltr'>facultate</span> <span class='ocrx_word' id='word_1_142' title='bbox 759 3601 931 3665; x_wconf 89' lang='lat' dir='ltr'>collocaret.</span> <span class='ocrx_word' id='word_1_143' title='bbox 976 3600 1046 3664; x_wconf 89' lang='lat' dir='ltr'>Huc</span> <span class='ocrx_word' id='word_1_144' title='bbox 1067 3601 1186 3664; x_wconf 87' lang='lat' dir='ltr'>accedit</span> <span class='ocrx_word' id='word_1_145' title='bbox 1208 3598 1288 3682; x_wconf 94' lang='lat' dir='ltr'>quod</span> 
     </span>
     <span class='ocr_line' id='line_1_18' title="bbox 146 3703 1288 3786; baseline -0.002 -20"><span class='ocrx_word' id='word_1_146' title='bbox 146 3705 287 3769; x_wconf 88' lang='lat' dir='ltr'>studium</span> <span class='ocrx_word' id='word_1_147' title='bbox 311 3705 443 3768; x_wconf 88' lang='lat' dir='ltr'>Graecae</span> <span class='ocrx_word' id='word_1_148' title='bbox 466 3705 659 3786; x_wconf 87' lang='lat' dir='ltr'>eruditionis,</span> <span class='ocrx_word' id='word_1_149' title='bbox 683 3706 734 3768; x_wconf 92' lang='lat' dir='ltr'>cui</span> <span class='ocrx_word' id='word_1_150' title='bbox 755 3705 889 3769; x_wconf 83' lang='lat' dir='ltr'>maxime</span> <span class='ocrx_word' id='word_1_151' title='bbox 913 3705 1067 3771; x_wconf 85' lang='lat' dir='ltr'>debebant</span> <span class='ocrx_word' id='word_1_152' title='bbox 1082 3711 1232 3786; x_wconf 89' lang='lat' dir='ltr'>quantum</span> <span class='ocrx_word' id='word_1_153' title='bbox 1255 3703 1288 3764; x_wconf 92' lang='lat' dir='ltr'>in</span> 
     </span>
     <span class='ocr_line' id='line_1_19' title="bbox 149 3806 1288 3894; baseline 0 -26"><span class='ocrx_word' id='word_1_154' title='bbox 149 3806 259 3869; x_wconf 88' lang='lat' dir='ltr'>litteris</span> <span class='ocrx_word' id='word_1_155' title='bbox 282 3809 433 3891; x_wconf 87' lang='lat' dir='ltr'>bonisque</span> <span class='ocrx_word' id='word_1_156' title='bbox 456 3809 575 3874; x_wconf 88' lang='lat' dir='ltr'>artibus</span> <span class='ocrx_word' id='word_1_157' title='bbox 598 3809 765 3893; x_wconf 87' lang='lat' dir='ltr'>profecisse</span> <span class='ocrx_word' id='word_1_158' title='bbox 789 3808 988 3894; x_wconf 90' lang='lat' dir='ltr'>reperiuntur</span> <span class='ocrx_word' id='word_1_159' title='bbox 1010 3808 1141 3872; x_wconf 84' lang='lat' dir='ltr'>Romani</span> <span class='ocrx_word' id='word_1_160' title='bbox 1163 3813 1288 3892; x_wconf 85' lang='lat' dir='ltr'>propter</span> 
     </span>
     <span class='ocr_line' id='line_1_20' title="bbox 146 3911 1289 3998; baseline -0.001 -24"><span class='ocrx_word' id='word_1_161' title='bbox 146 3911 293 3992; x_wconf 86' lang='lat' dir='ltr'>exiguum</span> <span class='ocrx_word' id='word_1_162' title='bbox 323 3913 404 3994; x_wconf 91' lang='lat' dir='ltr'>quod</span> <span class='ocrx_word' id='word_1_163' title='bbox 436 3913 502 3976; x_wconf 93' lang='lat' dir='ltr'>illis</span> <span class='ocrx_word' id='word_1_164' title='bbox 536 3913 727 3998; x_wconf 89' lang='lat' dir='ltr'>temporibus</span> <span class='ocrx_word' id='word_1_165' title='bbox 757 3913 840 3976; x_wconf 87' lang='lat' dir='ltr'>inter</span> <span class='ocrx_word' id='word_1_166' title='bbox 863 3912 940 3975; x_wconf 89' lang='lat' dir='ltr'>duos</span> <span class='ocrx_word' id='word_1_167' title='bbox 963 3913 1020 3976; x_wconf 88' lang='lat' dir='ltr'>lros</span> <span class='ocrx_word' id='word_1_168' title='bbox 1043 3911 1175 3997; x_wconf 89' lang='lat' dir='ltr'>populus</span> <span class='ocrx_word' id='word_1_169' title='bbox 1197 3911 1289 3974; x_wconf 85' lang='lat' dir='ltr'>inter-</span> 
     </span>
     <span class='ocr_line' id='line_1_21' title="bbox 146 4015 1287 4100; baseline 0 -22"><span class='ocrx_word' id='word_1_170' title='bbox 146 4015 273 4080; x_wconf 86' lang='lat' dir='ltr'>cedebat</span> <span class='ocrx_word' id='word_1_171' title='bbox 295 4036 385 4079; x_wconf 89' lang='lat' dir='ltr'>usum</span> <span class='ocrx_word' id='word_1_172' title='bbox 417 4023 509 4099; x_wconf 83' lang='lat' dir='ltr'>atque</span> <span class='ocrx_word' id='word_1_173' title='bbox 545 4017 777 4096; x_wconf 85' lang='lat' dir='ltr'>commercium,</span> <span class='ocrx_word' id='word_1_174' title='bbox 811 4017 949 4080; x_wconf 89' lang='lat' dir='ltr'>nondum</span> <span class='ocrx_word' id='word_1_175' title='bbox 972 4026 1036 4081; x_wconf 90' lang='lat' dir='ltr'>tam</span> <span class='ocrx_word' id='word_1_176' title='bbox 1059 4015 1185 4100; x_wconf 85' lang='lat' dir='ltr'>vulgare</span> <span class='ocrx_word' id='word_1_177' title='bbox 1207 4036 1287 4079; x_wconf 91' lang='lat' dir='ltr'>oom-</span> 
     </span>
     <span class='ocr_line' id='line_1_22' title="bbox 145 4119 1287 4205; baseline 0 -24"><span class='ocrx_word' id='word_1_178' title='bbox 145 4139 299 4200; x_wconf 87' lang='lat' dir='ltr'>muneque</span> <span class='ocrx_word' id='word_1_179' title='bbox 321 4119 381 4182; x_wconf 86' lang='lat' dir='ltr'>fuit</span> <span class='ocrx_word' id='word_1_180' title='bbox 403 4140 496 4202; x_wconf 90' lang='lat' dir='ltr'>quam</span> <span class='ocrx_word' id='word_1_181' title='bbox 519 4127 642 4205; x_wconf 80' lang='lat' dir='ltr'>postea3</span> <span class='ocrx_word' id='word_1_182' title='bbox 667 4122 781 4185; x_wconf 87' lang='lat' dir='ltr'>etenim</span> <span class='ocrx_word' id='word_1_183' title='bbox 797 4120 855 4184; x_wconf 88' lang='lat' dir='ltr'>etsi</span> <span class='ocrx_word' id='word_1_184' title='bbox 872 4120 986 4202; x_wconf 83' lang='lat' dir='ltr'>singuli</span> <span class='ocrx_word' id='word_1_185' title='bbox 1004 4120 1130 4203; x_wconf 90' lang='lat' dir='ltr'>quidam</span> <span class='ocrx_word' id='word_1_186' title='bbox 1146 4120 1287 4184; x_wconf 89' lang='lat' dir='ltr'>homines</span> 
     </span>
     <span class='ocr_line' id='line_1_23' title="bbox 145 4222 1288 4308; baseline -0.001 -22"><span class='ocrx_word' id='word_1_187' title='bbox 145 4222 336 4289; x_wconf 89' lang='lat' dir='ltr'>nobilissimi</span> <span class='ocrx_word' id='word_1_188' title='bbox 365 4222 454 4287; x_wconf 87' lang='lat' dir='ltr'>velut</span> <span class='ocrx_word' id='word_1_189' title='bbox 476 4224 638 4308; x_wconf 85' lang='lat' dir='ltr'>Scipiones</span> <span class='ocrx_word' id='word_1_190' title='bbox 662 4232 693 4288; x_wconf 84' lang='lat' dir='ltr'>et</span> <span class='ocrx_word' id='word_1_191' title='bbox 715 4224 812 4287; x_wconf 87' lang='lat' dir='ltr'>Laelii</span> <span class='ocrx_word' id='word_1_192' title='bbox 842 4224 999 4288; x_wconf 88' lang='lat' dir='ltr'>assiduam</span> <span class='ocrx_word' id='word_1_193' title='bbox 1025 4223 1148 4288; x_wconf 88' lang='lat' dir='ltr'>Graecis</span> <span class='ocrx_word' id='word_1_194' title='bbox 1171 4223 1288 4288; x_wconf 85' lang='lat' dir='ltr'>litteris</span> 
     </span>
     <span class='ocr_line' id='line_1_24' title="bbox 145 4326 1286 4414; baseline -0.001 -25"><span class='ocrx_word' id='word_1_195' title='bbox 145 4349 268 4412; x_wconf 89' lang='lat' dir='ltr'>operam</span> <span class='ocrx_word' id='word_1_196' title='bbox 291 4326 529 4413; x_wconf 86' lang='lat' dir='ltr'>impendebant,</span> <span class='ocrx_word' id='word_1_197' title='bbox 561 4334 664 4392; x_wconf 89' lang='lat' dir='ltr'>tamen</span> <span class='ocrx_word' id='word_1_198' title='bbox 691 4328 833 4414; x_wconf 87' lang='lat' dir='ltr'>plerique</span> <span class='ocrx_word' id='word_1_199' title='bbox 860 4329 1031 4393; x_wconf 89' lang='lat' dir='ltr'>severiores</span> <span class='ocrx_word' id='word_1_200' title='bbox 1054 4329 1173 4413; x_wconf 90' lang='lat' dir='ltr'>patriae</span> <span class='ocrx_word' id='word_1_201' title='bbox 1196 4326 1286 4392; x_wconf 90' lang='lat' dir='ltr'>amici</span> 
     </span>
    </p>
   </div>
   <div class='ocr_carea' id='block_1_4' title="bbox 145 4432 1291 4585">
    <p class='ocr_par' dir='ltr' id='par_1_4' title="bbox 145 4432 1291 4585">
     <span class='ocr_line' id='line_1_25' title="bbox 145 4432 1291 4518; baseline -0.005 -24"><span class='ocrx_word' id='word_1_202' title='bbox 145 4432 289 4515; x_wconf 88' lang='lat' dir='ltr'>inprimis</span> <span class='ocrx_word' id='word_1_203' title='bbox 314 4433 388 4498; x_wconf 87' lang='lat' dir='ltr'>Cato</span> <span class='ocrx_word' id='word_1_204' title='bbox 409 4438 582 4497; x_wconf 86' lang='lat' dir='ltr'>metuentes</span> <span class='ocrx_word' id='word_1_205' title='bbox 611 4455 649 4498; x_wconf 86' lang='lat' dir='ltr'>ne</span> <span class='ocrx_word' id='word_1_206' title='bbox 670 4433 833 4518; x_wconf 81' lang='lat' dir='ltr'>peregrina</span> <span class='ocrx_word' id='word_1_207' title='bbox 855 4432 1021 4517; x_wconf 89' lang='lat' dir='ltr'>disciplina</span> <span class='ocrx_word' id='word_1_208' title='bbox 1043 4439 1163 4516; x_wconf 88' lang='lat' dir='ltr'>recepta</span> <span class='ocrx_word' id='word_1_209' title='bbox 1184 4452 1291 4495; x_wconf 73' lang='lat' dir='ltr'>mores</span> 
     </span>
     <span class='ocr_line' id='line_1_26' title="bbox 1125 4537 1153 4585; baseline 0 -2"><span class='ocrx_word' id='word_1_210' title='bbox 1125 4537 1153 4585; x_wconf 64' lang='lat' dir='ltr'>x</span> 
     </span>
    </p>
   </div>
   <div class='ocr_carea' id='block_1_5' title="bbox 0 0 1440 4852">
    <p class='ocr_par' dir='ltr' id='par_1_5' title="bbox 0 0 1440 4852">
     <span class='ocr_line' id='line_1_27' title="bbox 0 0 1440 4852; baseline 0 0"><span class='ocrx_word' id='word_1_211' title='bbox 0 0 1440 4852; x_wconf 95' lang='lat' dir='ltr'> </span> 
     </span>
    </p>
   </div>
  </div>
 </body>
</html>
