2872 4852
654 141 737 208 ‘40

153 353 249 415 eoque
271 338 417 396 intentare
439 331 611 397 derivatum
635 353 715 412 esse,
739 334 784 398 ita
807 334 902 398 etiam
923 333 1112 398 intensivum
1137 339 1248 396 tentare
1271 353 1292 394 a

153 437 319 522 participio
343 444 444 501 tentae
466 436 554 501 verbi
577 440 693 501 tendere
709 448 866 502 manasse.
912 439 1025 501 Veram
1049 457 1116 501 esse
1138 436 1217 500 hanc
1239 458 1290 500 cx·
1316 512 1318 516 Ι

151 540 345 625 plicationem
379 562 449 603 eum
475 562 529 624 per
556 563 589 604 se
621 541 814 624 intellegItur
844 549 911 606 tum
940 541 1057 626 egregie
1095 543 1291 605 confirmatur

151 644 281 708 lectione
305 643 522 708 Germanensis
556 652 586 709 et
608 645 851 728 Hamburgensis
879 646 933 730 qui
965 648 997 709 in
1023 645 1078 724 XI,
1110 647 1150 708 14
1178 651 1292 708 tentare

151 749 305 834 praebent,
329 768 390 812 non
413 756 555 831 temptare
570 748 692 831 qualem
716 751 845 814 formam
867 752 959 835 vulgo
982 752 1204 835 impresserunt
1227 747 1291 812 edi·
1325 810 1328 815 .

150 859 232 917 tores
257 873 450 929 communem
473 852 627 919 scribendi
649 874 740 917 usum
763 863 936 938 sequentes,

236 959 266 1024 5.
297 956 455 1021 Postremo
476 957 535 1021 huc
557 958 726 1022 revocanda
748 965 795 1023 est
816 959 972 1024 fluctuatio
995 959 1169 1049 dentalium
1184 961 1205 1021 d
1219 964 1250 1023 et
1265 966 1288 1037 t,
1318 1011 1321 1015 .

150 1082 229 1144 quae
253 1083 323 1124 cum
342 1061 375 1124 in
393 1061 479 1126 exitu
501 1061 722 1130 vocabulorum
740 1084 802 1126 non
827 1063 978 1128 diversam
1002 1063 1288 1149 pronuntiationem

152 1164 320 1229 admittant
351 1164 403 1248 (cf.
429 1165 545 1243 Charis,
569 1188 598 1250 p.
623 1168 663 1230 a?
686 1166 737 1251 Ρ.)
767 1188 857 1253 saepe
883 1168 964 1231 inter
996 1188 1028 1229 se
1062 1166 1290 1231 confunduntur

150 1275 215 1332 tam
238 1269 271 1332 in
295 1268 451 1336 codicibus
474 1290 564 1353 quam
588 1269 622 1333 in
636 1271 888 1355 inscriptionibus
911 1271 946 1338 cf.
965 1271 1133 1336 Corssenus
1150 1270 1164 1332 l
1179 1293 1208 1355 p.
1229 1271 1289 1335 193

150 1392 196 1456 sq.
241 1373 376 1437 Maxime
405 1380 506 1437 autem
535 1374 628 1438 buius
659 1375 868 1440 fluctuationis
902 1376 987 1439 locus
1010 1381 1056 1439 est
1077 1375 1111 1437 in
1133 1375 1291 1459 praeposi-

151 1477 287 1542 tionibus
311 1484 342 1541 θῖ
365 1478 631 1543 coniunctionibus
655 1499 733 1562 quae
757 1480 852 1544 libros
877 1480 1034 1543 PlautInos
1057 1486 1121 1543 tam
1144 1480 1285 1562 frequen-

147 1588 194 1646 ter
217 1581 378 1667 occupavit
400 1588 435 1645 ut
448 1581 635 1646 Ritschelius
650 1583 743 1650 Proll.
761 1584 844 1648 Tris.
862 1606 890 1669 p.
906 1583 1036 1648 XCVIII
1049 1568 1092 1666 sq.
1110 1583 1149 1646 ad
1171 1581 1289 1648 morem

150 1686 279 1750 illorum
302 1692 478 1771 temporum
500 1686 640 1769 religiose
664 1688 847 1752 servandum
863 1688 999 1771 singulas
1015 1689 1081 1751 eius
1097 1686 1289 1752 modivcces
1321 1715 1324 1720 ·

150 1791 265 1874 ubique
289 1798 302 1853 t
322 1790 426 1854 littera
448 1791 635 1855 terminaret.
671 1802 706 1855 ln
729 1792 973 1857 Catullianorum
998 1792 1165 1856 carminum
1189 1813 1291 1856 exem·
1361 1794 1367 1865 ’,

149 1893 290 1978 plaribus
327 1915 424 1979 pauca
456 1894 622 1960 admodum
657 1897 750 1960 huius
782 1898 951 1982 scripturae
985 1896 1126 1980 exempla
1148 1898 1290 1960 feruntur

103 2021 105 2027 ·
152 2019 231 2082 quae
254 1999 408 2064 adscribo:
444 2007 519 2084 aput
540 1999 654 2080 LXIII,
670 2001 722 2067 53.
746 2002 821 2066 haut
842 2001 1003 2080 XXVIIII,
1027 2001 1046 2064 8
1070 2009 1101 2064 θῖ
1123 2000 1231 2079 LXVI,
1248 2001 1291 2066 35

150 2102 212 2168 nisi
234 2103 315 2186 quod
338 2106 358 2166 la
380 2104 531 2167 omissum
554 2111 601 2168 est
623 2112 658 2169 ut
681 2125 771 2190 saepe
794 2106 887 2169 etiam
903 2105 937 2167 in
951 2104 1140 2171 membranis
1153 2105 1290 2187 ,Vergilii

150 2214 295 2274 monento
317 2208 484 2292 Wagnem,
508 2209 647 2292 Orthogr.
672 2210 762 2291 Verg.
789 2193 819 2294 p
835 2209 907 2272 430.
943 2208 1054 2272 deinde
1077 2200 1133 2294 pro
1164 2209 1291 2293 vulgata

148 2312 281 2378 lectione
304 2311 359 2375 sed
381 2311 507 2390 LXIIII,
532 2315 573 2377 68
598 2312 811 2378 Lachmannus
838 2314 886 2377 cui
910 2313 1092 2378 Schwabius
1120 2312 1291 2399 adstipula-

147 2425 196 2482 tus
224 2422 288 2494 est,
317 2415 429 2479 melius
455 2416 518 2480 nisi
548 2416 636 2480 fallor
666 2425 712 2480 set
738 2417 864 2502 scripsit
891 2418 1024 2500 vestigia
1052 2425 1175 2481 secutus
1213 2420 1291 2503 opti-

146 2541 266 2585 morum
288 2519 436 2584 librorum
470 2520 520 2613 qui
551 2541 712 2605 perperam
741 2528 771 2584 si
791 2521 925 2586 tradunt.
972 2521 1083 2587 Contra
1107 2522 1167 2585 soli
1190 2522 1284 2588 libra·
1376 2506 1380 2513 ’

146 2624 264 2688 riorum
285 2623 459 2709 imperitiae
482 2624 720 2689 adiudicandum
744 2631 790 2690 est
812 2628 869 2689 alil
890 2647 943 2711 pro
967 2629 1032 2688 alid
1052 2626 1215 2704 XXVIIII,
1244 2629 1284 2693 15
1345 2680 1348 2686 .

147 2730 257 2813 quain
273 2751 304 2793 re
320 2729 395 2793 item
410 2728 457 2792 illi
475 2736 638 2814 peccarunt
652 2730 683 2793 in
699 2730 843 2795 Lucretio
859 2732 896 2794 cl.
915 2731 1039 2795 Lachm.
1056 2752 1165 2796 comm.
1175 2754 1212 2821 p.
1237 2732 1279 2795 53

149 2837 220 2903 155.
244 2831 317 2898 286.

231 2940 267 3003 ln
290 2958 491 3002 consonarum
514 2939 719 3022 geminatione
743 2935 835 3021 quam
850 2945 968 3003 veteres
990 2946 1098 3024 poetae
1120 2947 1191 3025 post
1214 2961 1276 3004 eos·

147 3064 207 3126 que
236 3042 374 3106 maxime
401 3042 560 3106 Lueretius
589 3064 679 3128 saepe
708 3050 806 3108 metro
837 3052 1067 3121 concesserunt,
1093 3044 1214 3129 'quippe
1251 3054 1285 3108 ut

147 3147 300 3233 syllabam
323 3168 378 3231 per
401 3167 434 3210 se
457 3154 625 3232 correptam
650 3146 865 3232 producerunt,
889 3148 1059 3211 notandum
1081 3154 1128 3211 est

236 3253 266 3315 6.
298 3250 420 3315 litterae
443 3254 455 3313 l
477 3251 511 3313 in
533 3252 693 3316 vocabulis
716 3252 827 3315 suffixo
849 3254 895 3314 ele
918 3251 966 3314 vel
989 3255 1047 3314 elle
1069 3252 1220 3336 praeditis
1239 3274 1288 3316 ve-

145 3356 304 3421 hementer
336 3355 482 3419 fluctuare
517 3355 562 3422 in.
582 3355 744 3420 codicibus
781 3342 1044 3439 duplicationem..
1074 3355 1178 3438 Atque
1210 3357 1289 3421 hanc

145 3460 328 3524 varietatem
350 3459 519 3544 scripturae
534 3459 573 3523 ad
597 3468 712 3524 certam
728 3481 868 3524 normam
884 3459 1040 3541 redegisse
1051 3460 1175 3543 egregia
1191 3460 1288 3523 Lach-

145 3564 250 3628 manni
275 3564 342 3626 laus
367 3569 414 3627 est
444 3564 496 3646 qui
520 3564 679 3649 explorata
703 3564 852 3631 librorum
875 3563 1162 3647 antiquissimorum
1187 3565 1287 3628 ortho-
1342 3610 1345 3615 -

146 3667 275 3753 graphia
306 3668 339 3731 iu
362 3688 468 3734 comm.
494 3668 580 3734 Lucr.
606 3691 635 3753 p.
653 3669 715 3734 204
738 3676 844 3733 notam
871 3669 1016 3733 omnibus
1043 3669 1180 3752 regulam
1208 3669 1288 3732 hanc

147 3771 272 3856 quidem
295 3773 465 3857 proposuit,
489 3779 525 3836 ut
549 3772 686 3858 simplici
708 3776 720 3835 l
740 3772 835 3837 verba
857 3773 1018 3838 scribenda
1040 3780 1143 3837 essent
1164 3773 1196 3835 in
1219 3773 1286 3854 qui-

146 3880 204 3942 bus
226 3899 243 3940 e
268 3875 403 3939 litteram
431 3876 551 3962 syllaba
581 3877 672 3959 longa
708 3876 916 3962 praecederet,
950 3876 1069 3962 duplici
1101 3876 1156 3940 ubi
1188 3877 1287 3962 prima

150 3980 251 4046 brevis
275 3985 364 4044 esset.
395 3979 502 4063 Neque
523 3981 601 4045 falso
625 4002 695 4044 eum
718 3981 910 4066 praecepisse
933 3988 1015 4045 reete
1037 3980 1196 4044 intellexit
1213 3981 1284 4045 Cor-

147 4106 238 4148 senus
260 4085 275 4147 l
297 4074 327 4169 p.
345 4084 406 4149 226
424 4105 470 4168 sq.
515 4084 714 4149 Membranae
738 4105 809 4149 vero
834 4084 950 4148 Catulli
984 4106 1045 4150 non
1071 4084 1188 4166 ubique
1216 4106 1284 4148 cum

147 4189 201 4253 illa
222 4189 288 4271 lege
312 4189 516 4267 consentiunt,
541 4193 619 4256 bene
637 4189 756 4254 scilicet
771 4189 886 4254 habent
900 4188 1037 4272 loquella
1051 4189 1114 4268 LV,
1131 4191 1173 4254 20
1189 4189 1283 4252 semel
1325 4258 1328 4265 ,

146 4293 292 4360 hocloco
316 4293 450 4374 obvium,
475 4292 530 4358 sed
551 4294 633 4360 male
655 4293 738 4378 quod
760 4313 850 4378 saepe
873 4293 1003 4358 occurrit
1018 4293 1142 4376 querela
1157 4292 1284 4373 LXHIl,
