<?xml version="1.0" encoding="UTF-8"?>
<!DOCTYPE html PUBLIC "-//W3C//DTD XHTML 1.0 Transitional//EN"
    "http://www.w3.org/TR/xhtml1/DTD/xhtml1-transitional.dtd">
<html xmlns="http://www.w3.org/1999/xhtml" xml:lang="en" lang="en">
 <head>
  <title>
</title>
<meta http-equiv="Content-Type" content="text/html;charset=utf-8" />
  <meta name='ocr-system' content='tesseract 3.04.00' />
  <meta name='ocr-capabilities' content='ocr_page ocr_carea ocr_par ocr_line ocrx_word'/>
</head>
<body>
  <div class='ocr_page' id='page_1' title='image "./decatullianorum00reecgoog_0066.png"; bbox 0 0 2872 4852; ppageno 0'>
   <div class='ocr_carea' id='block_1_1' title="bbox 615 240 802 337">
    <p class='ocr_par' dir='ltr' id='par_1_1' title="bbox 615 240 802 337">
     <span class='ocr_line' id='line_1_1' title="bbox 615 240 802 337; baseline 0 -1"><span class='ocrx_word' id='word_1_1' title='bbox 615 240 743 337; x_wconf 66' lang='lat' dir='ltr'>.,-÷⁷{l..</span> <span class='ocrx_word' id='word_1_2' title='bbox 767 331 802 337; x_wconf 80' lang='grc'>-,</span> 
     </span>
    </p>
   </div>
   <div class='ocr_carea' id='block_1_2' title="bbox 150 429 1286 599">
    <p class='ocr_par' dir='ltr' id='par_1_2' title="bbox 150 429 1286 599">
     <span class='ocr_line' id='line_1_2' title="bbox 150 429 1286 514; baseline 0.003 -22"><span class='ocrx_word' id='word_1_3' title='bbox 150 431 244 492; x_wconf 92' lang='lat' dir='ltr'>aliam</span> <span class='ocrx_word' id='word_1_4' title='bbox 269 429 410 495; x_wconf 82' lang='lat' dir='ltr'>Catullus</span> <span class='ocrx_word' id='word_1_5' title='bbox 442 436 495 492; x_wconf 90' lang='lat' dir='ltr'>aut</span> <span class='ocrx_word' id='word_1_6' title='bbox 525 429 558 492; x_wconf 88' lang='lat' dir='ltr'>in</span> <span class='ocrx_word' id='word_1_7' title='bbox 588 430 696 494; x_wconf 88' lang='lat' dir='ltr'>ceteris</span> <span class='ocrx_word' id='word_1_8' title='bbox 725 429 902 495; x_wconf 90' lang='lat' dir='ltr'><strong>nominibus</strong></span> <span class='ocrx_word' id='word_1_9' title='bbox 928 429 1063 514; x_wconf 89' lang='lat' dir='ltr'>propriis</span> <span class='ocrx_word' id='word_1_10' title='bbox 1086 429 1192 512; x_wconf 91' lang='lat' dir='ltr'>qualia</span> <span class='ocrx_word' id='word_1_11' title='bbox 1214 437 1286 495; x_wconf 86' lang='lat' dir='ltr'>sunt</span> 
     </span>
     <span class='ocr_line' id='line_1_3' title="bbox 150 534 1286 599; baseline 0.003 -3"><span class='ocrx_word' id='word_1_12' title='bbox 150 537 261 597; x_wconf 78' lang='lat' dir='ltr'>Lesbia</span> <span class='ocrx_word' id='word_1_13' title='bbox 292 537 465 598; x_wconf 75' lang='lat' dir='ltr'><em>Laudamia</em></span> <span class='ocrx_word' id='word_1_14' title='bbox 488 542 543 598; x_wconf 88' lang='lat' dir='ltr'>eto.</span> <span class='ocrx_word' id='word_1_15' title='bbox 579 534 728 598; x_wconf 88' lang='lat' dir='ltr'>rationem</span> <span class='ocrx_word' id='word_1_16' title='bbox 757 541 881 598; x_wconf 88' lang='lat' dir='ltr'>secutus</span> <span class='ocrx_word' id='word_1_17' title='bbox 908 540 956 597; x_wconf 90' lang='lat' dir='ltr'>est</span> <span class='ocrx_word' id='word_1_18' title='bbox 982 541 1036 598; x_wconf 88' lang='lat' dir='ltr'>aut</span> <span class='ocrx_word' id='word_1_19' title='bbox 1062 535 1095 597; x_wconf 93' lang='lat' dir='ltr'>in</span> <span class='ocrx_word' id='word_1_20' title='bbox 1125 534 1286 599; x_wconf 87' lang='lat' dir='ltr'>adiectivis</span> 
     </span>
    </p>
   </div>
   <div class='ocr_carea' id='block_1_3' title="bbox 150 639 1431 721">
    <p class='ocr_par' dir='ltr' id='par_1_3' title="bbox 150 639 1431 721">
     <span class='ocr_line' id='line_1_4' title="bbox 150 639 1431 721; baseline 0.002 -21"><span class='ocrx_word' id='word_1_21' title='bbox 150 640 334 702; x_wconf 71' lang='lat' dir='ltr'><em>Amathusia</em></span> <span class='ocrx_word' id='word_1_22' title='bbox 372 641 564 702; x_wconf 75' lang='lat' dir='ltr'><em>Rhamnusia</em></span> <span class='ocrx_word' id='word_1_23' title='bbox 608 639 741 717; x_wconf 83' lang='lat' dir='ltr'>similia,</span> <span class='ocrx_word' id='word_1_24' title='bbox 786 639 900 721; x_wconf 89' lang='lat' dir='ltr'>quibus</span> <span class='ocrx_word' id='word_1_25' title='bbox 943 639 1172 703; x_wconf 79' lang='lat' dir='ltr'><em>adnumeranda</em></span> <span class='ocrx_word' id='word_1_26' title='bbox 1216 647 1287 703; x_wconf 86' lang='lat' dir='ltr'>sunt</span> <span class='ocrx_word' id='word_1_27' title='bbox 1388 645 1392 651; x_wconf 84' lang='lat'>&#39;</span> <span class='ocrx_word' id='word_1_28' title='bbox 1426 672 1431 681; x_wconf 94' lang='lat'><strong>·</strong></span> 
     </span>
    </p>
   </div>
   <div class='ocr_carea' id='block_1_4' title="bbox 145 742 1356 1349">
    <p class='ocr_par' dir='ltr' id='par_1_4' title="bbox 145 742 1356 1349">
     <span class='ocr_line' id='line_1_5' title="bbox 150 742 1284 829; baseline -0.001 -23"><span class='ocrx_word' id='word_1_29' title='bbox 150 742 338 828; x_wconf 89' lang='lat' dir='ltr'>appellativa</span> <span class='ocrx_word' id='word_1_30' title='bbox 360 764 420 807; x_wconf 91' lang='lat' dir='ltr'>non</span> <span class='ocrx_word' id='word_1_31' title='bbox 442 743 531 806; x_wconf 93' lang='lat' dir='ltr'>nulla</span> <span class='ocrx_word' id='word_1_32' title='bbox 553 743 707 807; x_wconf 91' lang='lat' dir='ltr'>communi</span> <span class='ocrx_word' id='word_1_33' title='bbox 731 744 909 807; x_wconf 90' lang='lat' dir='ltr'>Latinorum</span> <span class='ocrx_word' id='word_1_34' title='bbox 932 766 992 808; x_wconf 88' lang='lat' dir='ltr'>usu</span> <span class='ocrx_word' id='word_1_35' title='bbox 1019 751 1150 829; x_wconf 89' lang='lat' dir='ltr'>recepta.</span> <span class='ocrx_word' id='word_1_36' title='bbox 1195 742 1284 806; x_wconf 89' lang='lat' dir='ltr'><em>Haud</em></span> 
     </span>
     <span class='ocr_line' id='line_1_6' title="bbox 152 847 1285 933; baseline 0.001 -24"><span class='ocrx_word' id='word_1_37' title='bbox 152 848 262 928; x_wconf 83' lang='lat' dir='ltr'>exigua</span> <span class='ocrx_word' id='word_1_38' title='bbox 295 869 366 912; x_wconf 91' lang='lat' dir='ltr'>vero</span> <span class='ocrx_word' id='word_1_39' title='bbox 393 868 465 932; x_wconf 89' lang='lat' dir='ltr'>pars</span> <span class='ocrx_word' id='word_1_40' title='bbox 491 854 650 932; x_wconf 89' lang='lat' dir='ltr'>poetarum</span> <span class='ocrx_word' id='word_1_41' title='bbox 677 848 811 932; x_wconf 83' lang='lat' dir='ltr'>Augusti</span> <span class='ocrx_word' id='word_1_42' title='bbox 839 848 931 912; x_wconf 88' lang='lat' dir='ltr'>aetati</span> <span class='ocrx_word' id='word_1_43' title='bbox 963 848 1144 933; x_wconf 91' lang='lat' dir='ltr'>supparium</span> <span class='ocrx_word' id='word_1_44' title='bbox 1170 848 1204 910; x_wconf 91' lang='lat' dir='ltr'>in</span> <span class='ocrx_word' id='word_1_45' title='bbox 1235 847 1285 910; x_wconf 84' lang='lat' dir='ltr'>his</span> 
     </span>
     <span class='ocr_line' id='line_1_7' title="bbox 146 952 1356 1034; baseline 0 -19"><span class='ocrx_word' id='word_1_46' title='bbox 146 953 325 1018; x_wconf 90' lang='lat' dir='ltr'>nominibus</span> <span class='ocrx_word' id='word_1_47' title='bbox 369 960 498 1034; x_wconf 91' lang='lat' dir='ltr'>utraque</span> <span class='ocrx_word' id='word_1_48' title='bbox 542 973 685 1015; x_wconf 88' lang='lat' dir='ltr'>mensura</span> <span class='ocrx_word' id='word_1_49' title='bbox 722 959 864 1031; x_wconf 89' lang='lat' dir='ltr'>utuntur,</span> <span class='ocrx_word' id='word_1_50' title='bbox 909 953 954 1015; x_wconf 90' lang='lat' dir='ltr'>ita</span> <span class='ocrx_word' id='word_1_51' title='bbox 990 960 1094 1016; x_wconf 90' lang='lat' dir='ltr'>tamen</span> <span class='ocrx_word' id='word_1_52' title='bbox 1129 959 1164 1016; x_wconf 87' lang='lat' dir='ltr'>ut</span> <span class='ocrx_word' id='word_1_53' title='bbox 1198 952 1285 1034; x_wconf 87' lang='lat' dir='ltr'>longe</span> <span class='ocrx_word' id='word_1_54' title='bbox 1354 1002 1356 1007; x_wconf 91' lang='lat'>.</span> 
     </span>
     <span class='ocr_line' id='line_1_8' title="bbox 146 1051 1283 1142; baseline 0 -22"><span class='ocrx_word' id='word_1_55' title='bbox 146 1057 283 1120; x_wconf 82' lang='lat' dir='ltr'>maxima</span> <span class='ocrx_word' id='word_1_56' title='bbox 305 1079 341 1120; x_wconf 85' lang='lat' dir='ltr'>ex</span> <span class='ocrx_word' id='word_1_57' title='bbox 365 1066 453 1142; x_wconf 89' lang='lat' dir='ltr'>parte</span> <span class='ocrx_word' id='word_1_58' title='bbox 480 1057 703 1142; x_wconf 91' lang='lat' dir='ltr'>correptionem</span> <span class='ocrx_word' id='word_1_59' title='bbox 732 1051 902 1140; x_wconf 84' lang='lat' dir='ltr'>praeferant</span> <span class='ocrx_word' id='word_1_60' title='bbox 924 1057 960 1120; x_wconf 91' lang='lat' dir='ltr'>cf.</span> <span class='ocrx_word' id='word_1_61' title='bbox 987 1057 1110 1122; x_wconf 87' lang='lat' dir='ltr'>Lachm.</span> <span class='ocrx_word' id='word_1_62' title='bbox 1133 1055 1174 1119; x_wconf 87' lang='lat' dir='ltr'>ad</span> <span class='ocrx_word' id='word_1_63' title='bbox 1196 1056 1283 1120; x_wconf 61' lang='lat' dir='ltr'>liuor.</span> 
     </span>
     <span class='ocr_line' id='line_1_9' title="bbox 145 1160 1284 1246; baseline -0.002 -21"><span class='ocrx_word' id='word_1_64' title='bbox 145 1183 176 1245; x_wconf 90' lang='lat' dir='ltr'>p.</span> <span class='ocrx_word' id='word_1_65' title='bbox 192 1163 257 1227; x_wconf 74' lang='lat'>405</span> <span class='ocrx_word' id='word_1_66' title='bbox 280 1183 324 1244; x_wconf 89' lang='lat' dir='ltr'>sq.</span> <span class='ocrx_word' id='word_1_67' title='bbox 348 1162 411 1225; x_wconf 82' lang='lat'>407</span> <span class='ocrx_word' id='word_1_68' title='bbox 435 1182 485 1243; x_wconf 83' lang='lat' dir='ltr'>sq.</span> <span class='ocrx_word' id='word_1_69' title='bbox 503 1168 534 1225; x_wconf 91' lang='lat' dir='ltr'>et</span> <span class='ocrx_word' id='word_1_70' title='bbox 564 1162 705 1225; x_wconf 86' lang='lat' dir='ltr'>Corssen.</span> <span class='ocrx_word' id='word_1_71' title='bbox 730 1160 759 1222; x_wconf 94' lang='lat' dir='ltr'>ll</span> <span class='ocrx_word' id='word_1_72' title='bbox 785 1183 813 1246; x_wconf 82' lang='lat' dir='ltr'>p,</span> <span class='ocrx_word' id='word_1_73' title='bbox 838 1162 902 1226; x_wconf 79' lang='grc'>452</span> <span class='ocrx_word' id='word_1_74' title='bbox 930 1182 975 1244; x_wconf 90' lang='lat' dir='ltr'>sq.</span> <span class='ocrx_word' id='word_1_75' title='bbox 1029 1160 1187 1246; x_wconf 75' lang='lat' dir='ltr'>Exemplis</span> <span class='ocrx_word' id='word_1_76' title='bbox 1221 1181 1284 1223; x_wconf 93' lang='lat' dir='ltr'>rem</span> 
     </span>
     <span class='ocr_line' id='line_1_10' title="bbox 146 1250 1124 1349; baseline 0.002 -21"><span class='ocrx_word' id='word_1_77' title='bbox 146 1266 316 1329; x_wconf 90' lang='lat' dir='ltr'>illustravit</span> <span class='ocrx_word' id='word_1_78' title='bbox 342 1266 426 1330; x_wconf 91' lang='lat' dir='ltr'>Neue</span> <span class='ocrx_word' id='word_1_79' title='bbox 450 1266 515 1349; x_wconf 93' lang='lat' dir='ltr'>lp.</span> <span class='ocrx_word' id='word_1_80' title='bbox 540 1267 582 1330; x_wconf 74' lang='lat'>53</span> <span class='ocrx_word' id='word_1_81' title='bbox 609 1286 676 1348; x_wconf 88' lang='lat' dir='ltr'>sqq.</span> <span class='ocrx_word' id='word_1_82' title='bbox 700 1305 742 1312; x_wconf 92' lang='lat'>-</span> <span class='ocrx_word' id='word_1_83' title='bbox 1121 1250 1124 1256; x_wconf 34' lang='lat'><strong>⁴</strong></span> 
     </span>
    </p>
   </div>
   <div class='ocr_carea' id='block_1_5' title="bbox 233 1369 1389 1455">
    <p class='ocr_par' dir='ltr' id='par_1_5' title="bbox 233 1369 1389 1455">
     <span class='ocr_line' id='line_1_11' title="bbox 233 1369 1389 1455; baseline -0.003 -22"><span class='ocrx_word' id='word_1_84' title='bbox 233 1370 333 1433; x_wconf 84' lang='lat' dir='ltr'>Simili</span> <span class='ocrx_word' id='word_1_85' title='bbox 377 1391 452 1434; x_wconf 84' lang='lat' dir='ltr'>usus</span> <span class='ocrx_word' id='word_1_86' title='bbox 490 1373 664 1453; x_wconf 80' lang='lat' dir='ltr'>frequentia</span> <span class='ocrx_word' id='word_1_87' title='bbox 699 1371 820 1434; x_wconf 86' lang='lat' dir='ltr'>vocales</span> <span class='ocrx_word' id='word_1_88' title='bbox 850 1398 869 1432; x_wconf 88' lang='lat' dir='ltr'>a</span> <span class='ocrx_word' id='word_1_89' title='bbox 899 1379 929 1434; x_wconf 90' lang='lat' dir='ltr'>et</span> <span class='ocrx_word' id='word_1_90' title='bbox 958 1395 973 1433; x_wconf 84' lang='lat' dir='ltr'>a</span> <span class='ocrx_word' id='word_1_91' title='bbox 1010 1370 1216 1455; x_wconf 87' lang='lat' dir='ltr'>corripiunter</span> <span class='ocrx_word' id='word_1_92' title='bbox 1254 1369 1285 1431; x_wconf 91' lang='lat' dir='ltr'>in</span> <span class='ocrx_word' id='word_1_93' title='bbox 1387 1394 1389 1399; x_wconf 96' lang='lat'>·</span> 
     </span>
    </p>
   </div>
   <div class='ocr_carea' id='block_1_6' title="bbox 144 1474 1358 3859">
    <p class='ocr_par' dir='ltr' id='par_1_6' title="bbox 144 1474 1358 3859">
     <span class='ocr_line' id='line_1_12' title="bbox 145 1474 1288 1560; baseline -0.001 -23"><span class='ocrx_word' id='word_1_94' title='bbox 145 1474 360 1539; x_wconf 78' lang='lat' dir='ltr'>terminatione</span> <span class='ocrx_word' id='word_1_95' title='bbox 397 1475 570 1559; x_wconf 88' lang='lat' dir='ltr'>imperativi</span> <span class='ocrx_word' id='word_1_96' title='bbox 602 1476 621 1538; x_wconf 76' lang='lat'>‘2</span> <span class='ocrx_word' id='word_1_97' title='bbox 655 1477 732 1557; x_wconf 86' lang='lat' dir='ltr'>sing.</span> <span class='ocrx_word' id='word_1_98' title='bbox 764 1497 862 1560; x_wconf 89' lang='lat' dir='ltr'>praes.</span> <span class='ocrx_word' id='word_1_99' title='bbox 892 1482 950 1538; x_wconf 90' lang='lat' dir='ltr'>act.</span> <span class='ocrx_word' id='word_1_100' title='bbox 984 1477 1150 1540; x_wconf 91' lang='lat' dir='ltr'>verborum</span> <span class='ocrx_word' id='word_1_101' title='bbox 1185 1476 1227 1537; x_wconf 82' lang='lat' dir='ltr'>A·</span> <span class='ocrx_word' id='word_1_102' title='bbox 1257 1480 1288 1536; x_wconf 89' lang='lat' dir='ltr'>et</span> 
     </span>
     <span class='ocr_line' id='line_1_13' title="bbox 145 1577 1287 1664; baseline 0 -24"><span class='ocrx_word' id='word_1_103' title='bbox 145 1577 403 1662; x_wconf 82' lang='lat' dir='ltr'>E-coniugationi</span> <span class='ocrx_word' id='word_1_104' title='bbox 435 1579 666 1664; x_wconf 87' lang='lat' dir='ltr'>applicatarum.</span> <span class='ocrx_word' id='word_1_105' title='bbox 724 1581 827 1663; x_wconf 84' lang='lat' dir='ltr'>Atque</span> <span class='ocrx_word' id='word_1_106' title='bbox 855 1581 946 1644; x_wconf 90' lang='lat' dir='ltr'>huius</span> <span class='ocrx_word' id='word_1_107' title='bbox 969 1578 1094 1662; x_wconf 91' lang='lat' dir='ltr'>quidem</span> <span class='ocrx_word' id='word_1_108' title='bbox 1125 1599 1287 1642; x_wconf 87' lang='lat' dir='ltr'>mensurae</span> 
     </span>
     <span class='ocr_line' id='line_1_14' title="bbox 144 1682 1286 1769; baseline 0.001 -25"><span class='ocrx_word' id='word_1_109' title='bbox 144 1703 237 1745; x_wconf 91' lang='lat' dir='ltr'>nsum</span> <span class='ocrx_word' id='word_1_110' title='bbox 276 1685 328 1766; x_wconf 93' lang='lat' dir='ltr'>qui</span> <span class='ocrx_word' id='word_1_111' title='bbox 367 1704 460 1767; x_wconf 91' lang='lat' dir='ltr'>quam</span> <span class='ocrx_word' id='word_1_112' title='bbox 496 1685 557 1747; x_wconf 88' lang='lat' dir='ltr'>late</span> <span class='ocrx_word' id='word_1_113' title='bbox 595 1684 729 1768; x_wconf 88' lang='lat' dir='ltr'>patuerit</span> <span class='ocrx_word' id='word_1_114' title='bbox 764 1684 845 1768; x_wconf 89' lang='lat' dir='ltr'>apud</span> <span class='ocrx_word' id='word_1_115' title='bbox 886 1693 991 1769; x_wconf 88' lang='lat' dir='ltr'>poetas</span> <span class='ocrx_word' id='word_1_116' title='bbox 1027 1684 1158 1767; x_wconf 88' lang='lat' dir='ltr'>tragicos</span> <span class='ocrx_word' id='word_1_117' title='bbox 1194 1682 1286 1747; x_wconf 89' lang='lat' dir='ltr'>comi-</span> 
     </span>
     <span class='ocr_line' id='line_1_15' title="bbox 145 1787 1357 1877; baseline -0.002 -28"><span class='ocrx_word' id='word_1_118' title='bbox 145 1807 259 1869; x_wconf 90' lang='lat' dir='ltr'>cosque</span> <span class='ocrx_word' id='word_1_119' title='bbox 301 1789 458 1870; x_wconf 79' lang='lat' dir='ltr'>antiquae,</span> <span class='ocrx_word' id='word_1_120' title='bbox 509 1788 570 1852; x_wconf 91' lang='lat' dir='ltr'>loci</span> <span class='ocrx_word' id='word_1_121' title='bbox 615 1788 825 1852; x_wconf 86' lang='lat' dir='ltr'>demonstrant</span> <span class='ocrx_word' id='word_1_122' title='bbox 868 1788 960 1852; x_wconf 91' lang='lat' dir='ltr'>Nevii</span> <span class='ocrx_word' id='word_1_123' title='bbox 998 1788 1033 1850; x_wconf 97' lang='lat' dir='ltr'>ll</span> <span class='ocrx_word' id='word_1_124' title='bbox 1070 1809 1098 1872; x_wconf 93' lang='lat' dir='ltr'>p.</span> <span class='ocrx_word' id='word_1_125' title='bbox 1139 1787 1202 1853; x_wconf 88' lang='grc'>333</span> <span class='ocrx_word' id='word_1_126' title='bbox 1240 1807 1285 1870; x_wconf 89' lang='lat' dir='ltr'>sq.</span> <span class='ocrx_word' id='word_1_127' title='bbox 1354 1872 1357 1877; x_wconf 10' lang='grc' dir='ltr'><em>γ</em></span> 
     </span>
     <span class='ocr_line' id='line_1_16' title="bbox 146 1891 1357 1976; baseline 0 -22"><span class='ocrx_word' id='word_1_128' title='bbox 146 1891 308 1973; x_wconf 86' lang='lat' dir='ltr'>diligentia</span> <span class='ocrx_word' id='word_1_129' title='bbox 336 1892 489 1975; x_wconf 82' lang='lat' dir='ltr'>congesti,</span> <span class='ocrx_word' id='word_1_130' title='bbox 526 1914 586 1957; x_wconf 90' lang='lat' dir='ltr'>non</span> <span class='ocrx_word' id='word_1_131' title='bbox 616 1892 707 1958; x_wconf 88' lang='lat' dir='ltr'>veriti</span> <span class='ocrx_word' id='word_1_132' title='bbox 736 1900 808 1955; x_wconf 91' lang='lat' dir='ltr'>sunt</span> <span class='ocrx_word' id='word_1_133' title='bbox 830 1892 995 1975; x_wconf 87' lang='lat' dir='ltr'>aliquande</span> <span class='ocrx_word' id='word_1_134' title='bbox 1022 1892 1167 1976; x_wconf 88' lang='lat' dir='ltr'>adoptare</span> <span class='ocrx_word' id='word_1_135' title='bbox 1194 1892 1283 1955; x_wconf 88' lang='lat' dir='ltr'>etiam</span> <span class='ocrx_word' id='word_1_136' title='bbox 1354 1892 1357 1899; x_wconf 83' lang='lat'>&#39;</span> 
     </span>
     <span class='ocr_line' id='line_1_17' title="bbox 144 1994 1285 2082; baseline -0.003 -24"><span class='ocrx_word' id='word_1_137' title='bbox 144 1996 330 2080; x_wconf 85' lang='lat' dir='ltr'>posteriores</span> <span class='ocrx_word' id='word_1_138' title='bbox 354 1998 386 2060; x_wconf 88' lang='lat' dir='ltr'>in</span> <span class='ocrx_word' id='word_1_139' title='bbox 409 1997 512 2062; x_wconf 90' lang='lat' dir='ltr'>verbis</span> <span class='ocrx_word' id='word_1_140' title='bbox 534 1998 728 2082; x_wconf 86' lang='lat' dir='ltr'>potissimum</span> <span class='ocrx_word' id='word_1_141' title='bbox 743 1997 894 2060; x_wconf 82' lang='lat' dir='ltr'>iambicis,</span> <span class='ocrx_word' id='word_1_142' title='bbox 926 1996 1066 2059; x_wconf 83' lang='lat' dir='ltr'>Catullus</span> <span class='ocrx_word' id='word_1_143' title='bbox 1082 1996 1177 2077; x_wconf 88' lang='lat' dir='ltr'>igitur</span> <span class='ocrx_word' id='word_1_144' title='bbox 1192 1994 1285 2057; x_wconf 90' lang='lat' dir='ltr'>semel</span> 
     </span>
     <span class='ocr_line' id='line_1_18' title="bbox 148 2100 1357 2187; baseline -0.006 -25"><span class='ocrx_word' id='word_1_145' title='bbox 148 2100 206 2164; x_wconf 92' lang='lat' dir='ltr'>hoc</span> <span class='ocrx_word' id='word_1_146' title='bbox 228 2101 319 2164; x_wconf 91' lang='lat' dir='ltr'>modo</span> <span class='ocrx_word' id='word_1_147' title='bbox 342 2102 403 2167; x_wconf 91' lang='lat' dir='ltr'>sibi</span> <span class='ocrx_word' id='word_1_148' title='bbox 419 2102 568 2166; x_wconf 89' lang='lat' dir='ltr'>concessit</span> <span class='ocrx_word' id='word_1_149' title='bbox 589 2102 745 2186; x_wconf 84' lang='lat' dir='ltr'>trisyllabi</span> <span class='ocrx_word' id='word_1_150' title='bbox 768 2102 908 2166; x_wconf 88' lang='lat' dir='ltr'>ultimam</span> <span class='ocrx_word' id='word_1_151' title='bbox 926 2101 1077 2184; x_wconf 80' lang='lat' dir='ltr'>corripere</span> <span class='ocrx_word' id='word_1_152' title='bbox 1093 2100 1288 2187; x_wconf 81' lang='lat' dir='ltr'>incommoda</span> <span class='ocrx_word' id='word_1_153' title='bbox 1354 2147 1357 2154; x_wconf 95' lang='lat'><em>.</em></span> 
     </span>
     <span class='ocr_line' id='line_1_19' title="bbox 147 2183 1286 2293; baseline -0.003 -26"><span class='ocrx_word' id='word_1_154' title='bbox 147 2204 187 2283; x_wconf 98' lang='lat' dir='ltr'>X,</span> <span class='ocrx_word' id='word_1_155' title='bbox 206 2208 260 2268; x_wconf 74' lang='lat' dir='ltr'>aa:</span> <span class='ocrx_word' id='word_1_156' title='bbox 285 2206 372 2283; x_wconf 88' lang='lat' dir='ltr'>,istos</span> <span class='ocrx_word' id='word_1_157' title='bbox 388 2205 560 2271; x_wconf 89' lang='lat' dir='ltr'>commoda:</span> <span class='ocrx_word' id='word_1_158' title='bbox 585 2229 656 2272; x_wconf 87' lang='lat' dir='ltr'>uam</span> <span class='ocrx_word' id='word_1_159' title='bbox 672 2183 740 2272; x_wconf 74' lang='lat' dir='ltr'>voli&gt;</span> <span class='ocrx_word' id='word_1_160' title='bbox 757 2208 796 2271; x_wconf 90' lang='lat' dir='ltr'>ad</span> <span class='ocrx_word' id='word_1_161' title='bbox 812 2206 965 2289; x_wconf 83' lang='lat' dir='ltr'>Sarapim‘</span> <span class='ocrx_word' id='word_1_162' title='bbox 994 2205 1028 2267; x_wconf 92' lang='lat' dir='ltr'>in</span> <span class='ocrx_word' id='word_1_163' title='bbox 1044 2224 1105 2286; x_wconf 88' lang='lat' dir='ltr'>qua</span> <span class='ocrx_word' id='word_1_164' title='bbox 1119 2204 1217 2293; x_wconf 82' lang='lat' dir='ltr'>forma</span> <span class='ocrx_word' id='word_1_165' title='bbox 1232 2197 1286 2265; x_wconf 82' lang='lat' dir='ltr'>cru</span> 
     </span>
     <span class='ocr_line' id='line_1_20' title="bbox 145 2308 1286 2397; baseline -0.002 -26"><span class='ocrx_word' id='word_1_166' title='bbox 145 2309 301 2372; x_wconf 91' lang='lat' dir='ltr'>nonnulli</span> <span class='ocrx_word' id='word_1_167' title='bbox 324 2311 506 2374; x_wconf 84' lang='lat' dir='ltr'>offenderint</span> <span class='ocrx_word' id='word_1_168' title='bbox 529 2313 587 2375; x_wconf 89' lang='lat' dir='ltr'>viri</span> <span class='ocrx_word' id='word_1_169' title='bbox 604 2312 684 2376; x_wconf 91' lang='lat' dir='ltr'>docti</span> <span class='ocrx_word' id='word_1_170' title='bbox 700 2334 754 2397; x_wconf 90' lang='lat' dir='ltr'>pro</span> <span class='ocrx_word' id='word_1_171' title='bbox 776 2333 832 2375; x_wconf 89' lang='lat' dir='ltr'>sua</span> <span class='ocrx_word' id='word_1_172' title='bbox 848 2311 979 2395; x_wconf 88' lang='lat' dir='ltr'>quisque</span> <span class='ocrx_word' id='word_1_173' title='bbox 1004 2308 1119 2393; x_wconf 90' lang='lat' dir='ltr'>ingenii</span> <span class='ocrx_word' id='word_1_174' title='bbox 1142 2308 1286 2371; x_wconf 83' lang='lat' dir='ltr'>facultate</span> 
     </span>
     <span class='ocr_line' id='line_1_21' title="bbox 146 2412 1286 2481; baseline -0.001 -6"><span class='ocrx_word' id='word_1_175' title='bbox 146 2413 234 2476; x_wconf 90' lang='lat' dir='ltr'>aliud</span> <span class='ocrx_word' id='word_1_176' title='bbox 257 2421 409 2478; x_wconf 88' lang='lat' dir='ltr'>tentantes</span> <span class='ocrx_word' id='word_1_177' title='bbox 431 2416 551 2479; x_wconf 91' lang='lat' dir='ltr'>nullam</span> <span class='ocrx_word' id='word_1_178' title='bbox 574 2417 666 2480; x_wconf 91' lang='lat' dir='ltr'>video</span> <span class='ocrx_word' id='word_1_179' title='bbox 689 2439 756 2481; x_wconf 89' lang='lat' dir='ltr'>esse</span> <span class='ocrx_word' id='word_1_180' title='bbox 771 2436 903 2480; x_wconf 89' lang='lat' dir='ltr'>eausam.</span> <span class='ocrx_word' id='word_1_181' title='bbox 938 2414 1059 2478; x_wconf 85' lang='lat' dir='ltr'>Etenim</span> <span class='ocrx_word' id='word_1_182' title='bbox 1075 2420 1111 2477; x_wconf 93' lang='lat' dir='ltr'>ut</span> <span class='ocrx_word' id='word_1_183' title='bbox 1124 2412 1163 2476; x_wconf 87' lang='lat' dir='ltr'>de</span> <span class='ocrx_word' id='word_1_184' title='bbox 1178 2412 1286 2476; x_wconf 87' lang='lat' dir='ltr'>multis</span> 
     </span>
     <span class='ocr_line' id='line_1_22' title="bbox 145 2517 1286 2607; baseline -0.002 -26"><span class='ocrx_word' id='word_1_185' title='bbox 145 2519 270 2582; x_wconf 80' lang='lat' dir='ltr'>afferam</span> <span class='ocrx_word' id='word_1_186' title='bbox 294 2519 409 2583; x_wconf 90' lang='lat' dir='ltr'>Handii</span> <span class='ocrx_word' id='word_1_187' title='bbox 439 2521 502 2585; x_wconf 86' lang='lat' dir='ltr'>obs</span> <span class='ocrx_word' id='word_1_188' title='bbox 525 2521 598 2585; x_wconf 85' lang='lat' dir='ltr'>crit&#39;</span> <span class='ocrx_word' id='word_1_189' title='bbox 617 2522 650 2584; x_wconf 92' lang='lat' dir='ltr'>in</span> <span class='ocrx_word' id='word_1_190' title='bbox 678 2522 741 2585; x_wconf 86' lang='lat' dir='ltr'>Cat.</span> <span class='ocrx_word' id='word_1_191' title='bbox 763 2544 791 2607; x_wconf 90' lang='lat' dir='ltr'>p.</span> <span class='ocrx_word' id='word_1_192' title='bbox 821 2522 862 2586; x_wconf 87' lang='lat'>54</span> <span class='ocrx_word' id='word_1_193' title='bbox 892 2520 1097 2604; x_wconf 90' lang='lat' dir='ltr'>suspicionem</span> <span class='ocrx_word' id='word_1_194' title='bbox 1125 2517 1286 2582; x_wconf 84' lang='lat' dir='ltr'>Schwabio</span> 
     </span>
     <span class='ocr_line' id='line_1_23' title="bbox 148 2621 1281 2708; baseline -0.003 -22"><span class='ocrx_word' id='word_1_195' title='bbox 148 2625 324 2708; x_wconf 86' lang='lat' dir='ltr'>probatam:</span> <span class='ocrx_word' id='word_1_196' title='bbox 364 2624 464 2703; x_wconf 77' lang='lat' dir='ltr'>,istosz</span> <span class='ocrx_word' id='word_1_197' title='bbox 494 2626 689 2689; x_wconf 90' lang='lat' dir='ltr'>commodum</span> <span class='ocrx_word' id='word_1_198' title='bbox 716 2626 807 2689; x_wconf 87' lang='lat' dir='ltr'>enim‘</span> <span class='ocrx_word' id='word_1_199' title='bbox 835 2633 889 2689; x_wconf 90' lang='lat' dir='ltr'>ete.</span> <span class='ocrx_word' id='word_1_200' title='bbox 918 2623 1012 2686; x_wconf 91' lang='lat' dir='ltr'>nimis</span> <span class='ocrx_word' id='word_1_201' title='bbox 1039 2643 1057 2685; x_wconf 89' lang='lat' dir='ltr'>a</span> <span class='ocrx_word' id='word_1_202' title='bbox 1080 2622 1224 2687; x_wconf 90' lang='lat' dir='ltr'>ductibus</span> <span class='ocrx_word' id='word_1_203' title='bbox 1248 2621 1281 2684; x_wconf 93' lang='lat' dir='ltr'>li-</span> 
     </span>
     <span class='ocr_line' id='line_1_24' title="bbox 145 2727 1225 2810; baseline -0.002 -19"><span class='ocrx_word' id='word_1_204' title='bbox 145 2730 271 2791; x_wconf 85' lang='lat' dir='ltr'>brorum</span> <span class='ocrx_word' id='word_1_205' title='bbox 293 2727 386 2792; x_wconf 86' lang='lat' dir='ltr'>distat</span> <span class='ocrx_word' id='word_1_206' title='bbox 408 2749 500 2810; x_wconf 89' lang='lat' dir='ltr'>quam</span> <span class='ocrx_word' id='word_1_207' title='bbox 524 2738 558 2793; x_wconf 93' lang='lat' dir='ltr'>ut</span> <span class='ocrx_word' id='word_1_208' title='bbox 581 2730 725 2795; x_wconf 89' lang='lat' dir='ltr'>omnibus</span> <span class='ocrx_word' id='word_1_209' title='bbox 748 2729 884 2792; x_wconf 90' lang='lat' dir='ltr'>numeris</span> <span class='ocrx_word' id='word_1_210' title='bbox 907 2735 988 2791; x_wconf 88' lang='lat' dir='ltr'>certa</span> <span class='ocrx_word' id='word_1_211' title='bbox 1011 2727 1161 2791; x_wconf 90' lang='lat' dir='ltr'>videatur.</span> <span class='ocrx_word' id='word_1_212' title='bbox 1186 2764 1225 2771; x_wconf 95' lang='lat'>--</span> 
     </span>
     <span class='ocr_line' id='line_1_25' title="bbox 232 2831 1358 2918; baseline -0.003 -23"><span class='ocrx_word' id='word_1_213' title='bbox 232 2831 369 2897; x_wconf 81' lang='lat' dir='ltr'>Alterius</span> <span class='ocrx_word' id='word_1_214' title='bbox 395 2856 411 2896; x_wconf 86' lang='lat' dir='ltr'>e</span> <span class='ocrx_word' id='word_1_215' title='bbox 440 2841 595 2917; x_wconf 87' lang='lat' dir='ltr'>correptae</span> <span class='ocrx_word' id='word_1_216' title='bbox 631 2833 722 2918; x_wconf 90' lang='lat' dir='ltr'>plura</span> <span class='ocrx_word' id='word_1_217' title='bbox 755 2835 895 2896; x_wconf 85' lang='lat' dir='ltr'>feruntur</span> <span class='ocrx_word' id='word_1_218' title='bbox 932 2831 1072 2916; x_wconf 88' lang='lat' dir='ltr'>exempla</span> <span class='ocrx_word' id='word_1_219' title='bbox 1108 2851 1185 2913; x_wconf 90' lang='lat' dir='ltr'>quae</span> <span class='ocrx_word' id='word_1_220' title='bbox 1214 2839 1286 2892; x_wconf 78' lang='lat' dir='ltr'>sunt</span> <span class='ocrx_word' id='word_1_221' title='bbox 1355 2836 1358 2844; x_wconf 89' lang='lat'>&#39;</span> 
     </span>
     <span class='ocr_line' id='line_1_26' title="bbox 145 2935 1285 3022; baseline -0.001 -26"><span class='ocrx_word' id='word_1_222' title='bbox 145 2959 229 2999; x_wconf 73' lang='lat' dir='ltr'>araone</span> <span class='ocrx_word' id='word_1_223' title='bbox 253 2937 291 3015; x_wconf 95' lang='lat' dir='ltr'>X,</span> <span class='ocrx_word' id='word_1_224' title='bbox 314 2939 371 3002; x_wconf 75' lang='lat'>27:</span> <span class='ocrx_word' id='word_1_225' title='bbox 395 2977 437 2984; x_wconf 89' lang='lat'>—</span> <span class='ocrx_word' id='word_1_226' title='bbox 461 2960 571 3018; x_wconf 89' lang='lat' dir='ltr'>,maue,</span> <span class='ocrx_word' id='word_1_227' title='bbox 596 2960 645 3001; x_wconf 90' lang='lat' dir='ltr'>me</span> <span class='ocrx_word' id='word_1_228' title='bbox 667 2939 767 3022; x_wconf 92' lang='lat' dir='ltr'>inquii</span> <span class='ocrx_word' id='word_1_229' title='bbox 790 2937 919 3022; x_wconf 89' lang='lat' dir='ltr'>puellae‘</span> <span class='ocrx_word' id='word_1_230' title='bbox 948 2959 1017 2999; x_wconf 79' lang='lat' dir='ltr'>caca</span> <span class='ocrx_word' id='word_1_231' title='bbox 1043 2936 1092 2999; x_wconf 87' lang='lat' dir='ltr'>bis</span> <span class='ocrx_word' id='word_1_232' title='bbox 1108 2935 1143 3013; x_wconf 90' lang='lat' dir='ltr'>L,</span> <span class='ocrx_word' id='word_1_233' title='bbox 1162 2936 1209 3000; x_wconf 88' lang='lat'>18.</span> <span class='ocrx_word' id='word_1_234' title='bbox 1232 2935 1285 2998; x_wconf 82' lang='lat'>19:</span> 
     </span>
     <span class='ocr_line' id='line_1_27' title="bbox 147 3038 1341 3128; baseline 0.003 -24"><span class='ocrx_word' id='word_1_235' title='bbox 147 3062 238 3119; x_wconf 90' lang='lat' dir='ltr'>,nunc</span> <span class='ocrx_word' id='word_1_236' title='bbox 270 3041 370 3104; x_wconf 84' lang='lat' dir='ltr'>audax</span> <span class='ocrx_word' id='word_1_237' title='bbox 403 3064 476 3106; x_wconf 89' lang='lat' dir='ltr'>cave</span> <span class='ocrx_word' id='word_1_238' title='bbox 505 3043 565 3121; x_wconf 91' lang='lat' dir='ltr'>sis,</span> <span class='ocrx_word' id='word_1_239' title='bbox 595 3063 763 3128; x_wconf 88' lang='lat' dir='ltr'>precesque</span> <span class='ocrx_word' id='word_1_240' title='bbox 785 3048 908 3106; x_wconf 82' lang='lat' dir='ltr'>nostras</span> <span class='ocrx_word' id='word_1_241' title='bbox 949 3044 953 3122; x_wconf 78' lang='lat' dir='ltr'>l</span> <span class='ocrx_word' id='word_1_242' title='bbox 995 3061 1117 3105; x_wconf 89' lang='lat' dir='ltr'>cramus</span> <span class='ocrx_word' id='word_1_243' title='bbox 1139 3060 1212 3103; x_wconf 88' lang='lat' dir='ltr'>cave</span> <span class='ocrx_word' id='word_1_244' title='bbox 1236 3038 1286 3101; x_wconf 92' lang='lat' dir='ltr'>dc·</span> <span class='ocrx_word' id='word_1_245' title='bbox 1339 3102 1341 3107; x_wconf 88' lang='lat'>.</span> 
     </span>
     <span class='ocr_line' id='line_1_28' title="bbox 146 3144 1286 3232; baseline -0.004 -24"><span class='ocrx_word' id='word_1_246' title='bbox 146 3169 256 3230; x_wconf 82' lang='lat' dir='ltr'>epuas,</span> <span class='ocrx_word' id='word_1_247' title='bbox 286 3147 403 3210; x_wconf 83' lang='lat' dir='ltr'>ocelle‘.</span> <span class='ocrx_word' id='word_1_248' title='bbox 435 3147 519 3224; x_wconf 85' lang='lat' dir='ltr'>LXl,</span> <span class='ocrx_word' id='word_1_249' title='bbox 544 3149 620 3214; x_wconf 75' lang='lat'>152:</span> <span class='ocrx_word' id='word_1_250' title='bbox 651 3147 710 3226; x_wconf 90' lang='lat' dir='ltr'>,vir</span> <span class='ocrx_word' id='word_1_251' title='bbox 735 3153 820 3232; x_wconf 90' lang='lat' dir='ltr'>petet</span> <span class='ocrx_word' id='word_1_252' title='bbox 848 3168 921 3210; x_wconf 90' lang='lat' dir='ltr'>cave</span> <span class='ocrx_word' id='word_1_253' title='bbox 947 3168 986 3210; x_wconf 90' lang='lat' dir='ltr'>ne</span> <span class='ocrx_word' id='word_1_254' title='bbox 1013 3151 1120 3228; x_wconf 71' lang='lat' dir='ltr'>neges⁶</span> <span class='ocrx_word' id='word_1_255' title='bbox 1142 3144 1179 3210; x_wconf 86' lang='lat' dir='ltr'>ef.</span> <span class='ocrx_word' id='word_1_256' title='bbox 1202 3144 1286 3221; x_wconf 86' lang='lat' dir='ltr'>Serv.</span> 
     </span>
     <span class='ocr_line' id='line_1_29' title="bbox 147 3248 1284 3337; baseline -0.003 -25"><span class='ocrx_word' id='word_1_257' title='bbox 147 3251 185 3313; x_wconf 91' lang='lat' dir='ltr'>ad</span> <span class='ocrx_word' id='word_1_258' title='bbox 209 3252 286 3314; x_wconf 87' lang='lat' dir='ltr'>Aen.</span> <span class='ocrx_word' id='word_1_259' title='bbox 309 3250 384 3329; x_wconf 90' lang='lat' dir='ltr'>llll,</span> <span class='ocrx_word' id='word_1_260' title='bbox 407 3252 471 3316; x_wconf 82' lang='lat'>409</span> <span class='ocrx_word' id='word_1_261' title='bbox 494 3252 549 3334; x_wconf 92' lang='lat' dir='ltr'>qui</span> <span class='ocrx_word' id='word_1_262' title='bbox 571 3272 730 3337; x_wconf 89' lang='lat' dir='ltr'>supremos</span> <span class='ocrx_word' id='word_1_263' title='bbox 759 3258 823 3316; x_wconf 88' lang='lat' dir='ltr'>tres</span> <span class='ocrx_word' id='word_1_264' title='bbox 846 3252 929 3317; x_wconf 90' lang='lat' dir='ltr'>locos</span> <span class='ocrx_word' id='word_1_265' title='bbox 951 3249 1124 3336; x_wconf 82' lang='lat' dir='ltr'>respexisse</span> <span class='ocrx_word' id='word_1_266' title='bbox 1155 3248 1284 3323; x_wconf 88' lang='lat' dir='ltr'>videtur,</span> 
     </span>
     <span class='ocr_line' id='line_1_30' title="bbox 145 3349 1287 3441; baseline -0.003 -24"><span class='ocrx_word' id='word_1_267' title='bbox 145 3354 218 3418; x_wconf 91' lang='lat' dir='ltr'>licet</span> <span class='ocrx_word' id='word_1_268' title='bbox 248 3377 310 3419; x_wconf 92' lang='lat' dir='ltr'>non</span> <span class='ocrx_word' id='word_1_269' title='bbox 339 3362 421 3419; x_wconf 90' lang='lat' dir='ltr'>recte</span> <span class='ocrx_word' id='word_1_270' title='bbox 448 3377 516 3419; x_wconf 86' lang='lat' dir='ltr'>cave</span> <span class='ocrx_word' id='word_1_271' title='bbox 547 3356 767 3441; x_wconf 88' lang='lat' dir='ltr'>imperativum</span> <span class='ocrx_word' id='word_1_272' title='bbox 791 3379 810 3420; x_wconf 93' lang='lat' dir='ltr'>a</span> <span class='ocrx_word' id='word_1_273' title='bbox 831 3360 924 3422; x_wconf 91' lang='lat' dir='ltr'>verbo</span> <span class='ocrx_word' id='word_1_274' title='bbox 950 3349 1061 3419; x_wconf 70' lang='lat' dir='ltr'>caedra</span> <span class='ocrx_word' id='word_1_275' title='bbox 1087 3353 1195 3417; x_wconf 89' lang='lat' dir='ltr'>tertiae</span> <span class='ocrx_word' id='word_1_276' title='bbox 1218 3373 1287 3415; x_wconf 90' lang='lat' dir='ltr'>con-</span> 
     </span>
     <span class='ocr_line' id='line_1_31' title="bbox 145 3457 1285 3546; baseline 0 -26"><span class='ocrx_word' id='word_1_277' title='bbox 145 3459 310 3542; x_wconf 87' lang='lat' dir='ltr'>iugationis</span> <span class='ocrx_word' id='word_1_278' title='bbox 326 3459 466 3523; x_wconf 90' lang='lat' dir='ltr'>deducat:</span> <span class='ocrx_word' id='word_1_279' title='bbox 491 3481 561 3523; x_wconf 90' lang='lat' dir='ltr'>nam</span> <span class='ocrx_word' id='word_1_280' title='bbox 579 3462 722 3546; x_wconf 82' lang='lat' dir='ltr'>exempla</span> <span class='ocrx_word' id='word_1_281' title='bbox 734 3462 827 3525; x_wconf 89' lang='lat' dir='ltr'>huius</span> <span class='ocrx_word' id='word_1_282' title='bbox 840 3480 915 3524; x_wconf 87' lang='lat' dir='ltr'>usus</span> <span class='ocrx_word' id='word_1_283' title='bbox 924 3460 1039 3523; x_wconf 87' lang='lat' dir='ltr'>frustra</span> <span class='ocrx_word' id='word_1_284' title='bbox 1051 3463 1250 3541; x_wconf 90' lang='lat' dir='ltr'>quaeruntur.</span> <span class='ocrx_word' id='word_1_285' title='bbox 1262 3457 1285 3539; x_wconf 73' lang='lat'>¹)</span> 
     </span>
     <span class='ocr_line' id='line_1_32' title="bbox 232 3554 1342 3650; baseline -0.005 -23"><span class='ocrx_word' id='word_1_286' title='bbox 232 3565 372 3629; x_wconf 83' lang='lat' dir='ltr'>Ceterum</span> <span class='ocrx_word' id='word_1_287' title='bbox 406 3564 437 3627; x_wconf 92' lang='lat' dir='ltr'>iu</span> <span class='ocrx_word' id='word_1_288' title='bbox 465 3564 514 3628; x_wconf 93' lang='lat' dir='ltr'>his</span> <span class='ocrx_word' id='word_1_289' title='bbox 536 3565 669 3649; x_wconf 87' lang='lat' dir='ltr'>aliisque</span> <span class='ocrx_word' id='word_1_290' title='bbox 691 3567 884 3650; x_wconf 89' lang='lat' dir='ltr'>imperativis</span> <span class='ocrx_word' id='word_1_291' title='bbox 917 3584 994 3646; x_wconf 89' lang='lat' dir='ltr'>quos</span> <span class='ocrx_word' id='word_1_292' title='bbox 1031 3574 1101 3648; x_wconf 89' lang='lat' dir='ltr'>post</span> <span class='ocrx_word' id='word_1_293' title='bbox 1130 3561 1286 3649; x_wconf 85' lang='lat' dir='ltr'>scaenicos</span> <span class='ocrx_word' id='word_1_294' title='bbox 1340 3554 1342 3560; x_wconf 74' lang='grc'><strong>’</strong></span> 
     </span>
     <span class='ocr_line' id='line_1_33' title="bbox 144 3664 1288 3753; baseline -0.003 -21"><span class='ocrx_word' id='word_1_295' title='bbox 144 3676 251 3753; x_wconf 90' lang='lat' dir='ltr'>poetas</span> <span class='ocrx_word' id='word_1_296' title='bbox 274 3669 393 3753; x_wconf 92' lang='lat' dir='ltr'>primus</span> <span class='ocrx_word' id='word_1_297' title='bbox 416 3668 633 3752; x_wconf 83' lang='lat' dir='ltr'>dactylicarum</span> <span class='ocrx_word' id='word_1_298' title='bbox 659 3670 810 3733; x_wconf 84' lang='lat' dir='ltr'>breviavit</span> <span class='ocrx_word' id='word_1_299' title='bbox 833 3668 991 3747; x_wconf 78' lang='lat' dir='ltr'>CatulluS,</span> <span class='ocrx_word' id='word_1_300' title='bbox 1014 3667 1121 3731; x_wconf 91' lang='lat' dir='ltr'>eadem</span> <span class='ocrx_word' id='word_1_301' title='bbox 1143 3664 1288 3751; x_wconf 89' lang='lat' dir='ltr'>prosodia</span> 
     </span>
     <span class='ocr_line' id='line_1_34' title="bbox 144 3764 1286 3859; baseline -0.003 -24"><span class='ocrx_word' id='word_1_302' title='bbox 144 3773 260 3837; x_wconf 86' lang='lat' dir='ltr'>usitata</span> <span class='ocrx_word' id='word_1_303' title='bbox 282 3782 329 3837; x_wconf 89' lang='lat' dir='ltr'>est</span> <span class='ocrx_word' id='word_1_304' title='bbox 358 3777 567 3859; x_wconf 86' lang='lat' dir='ltr'>proximorum</span> <span class='ocrx_word' id='word_1_305' title='bbox 583 3794 704 3857; x_wconf 90' lang='lat' dir='ltr'>quoque</span> <span class='ocrx_word' id='word_1_306' title='bbox 725 3781 900 3858; x_wconf 90' lang='lat' dir='ltr'>temporum</span> <span class='ocrx_word' id='word_1_307' title='bbox 922 3773 1022 3858; x_wconf 88' lang='lat' dir='ltr'>poetis</span> <span class='ocrx_word' id='word_1_308' title='bbox 1048 3764 1181 3854; x_wconf 83' lang='lat' dir='ltr'>quorum</span> <span class='ocrx_word' id='word_1_309' title='bbox 1204 3770 1286 3833; x_wconf 86' lang='lat' dir='ltr'>locos</span> 
     </span>
    </p>
   </div>
   <div class='ocr_carea' id='block_1_7' title="bbox 144 3874 1283 4072">
    <p class='ocr_par' dir='ltr' id='par_1_7' title="bbox 144 3874 1283 4072">
     <span class='ocr_line' id='line_1_35' title="bbox 144 3874 1283 3964; baseline -0.004 -21"><span class='ocrx_word' id='word_1_310' title='bbox 144 3879 262 3964; x_wconf 90' lang='lat' dir='ltr'>passim</span> <span class='ocrx_word' id='word_1_311' title='bbox 279 3879 386 3944; x_wconf 88' lang='lat' dir='ltr'>obvies</span> <span class='ocrx_word' id='word_1_312' title='bbox 402 3879 526 3962; x_wconf 87' lang='lat' dir='ltr'>collegit</span> <span class='ocrx_word' id='word_1_313' title='bbox 537 3879 620 3942; x_wconf 92' lang='lat' dir='ltr'>Neue</span> <span class='ocrx_word' id='word_1_314' title='bbox 631 3879 651 3943; x_wconf 97' lang='lat' dir='ltr'>l.</span> <span class='ocrx_word' id='word_1_315' title='bbox 665 3900 694 3942; x_wconf 93' lang='lat' dir='ltr'>n.</span> <span class='ocrx_word' id='word_1_316' title='bbox 720 3879 881 3943; x_wconf 91' lang='lat' dir='ltr'>Praeterea</span> <span class='ocrx_word' id='word_1_317' title='bbox 893 3878 931 3943; x_wconf 89' lang='lat' dir='ltr'>of.</span> <span class='ocrx_word' id='word_1_318' title='bbox 941 3876 1157 3942; x_wconf 86' lang='lat' dir='ltr'>L.Muellerus</span> <span class='ocrx_word' id='word_1_319' title='bbox 1167 3897 1196 3960; x_wconf 84' lang='lat' dir='ltr'>p,</span> <span class='ocrx_word' id='word_1_320' title='bbox 1211 3874 1283 3939; x_wconf 80' lang='lat'>340.</span> 
     </span>
     <span class='ocr_line' id='line_1_36' title="bbox 144 3982 1199 4072; baseline -0.003 -26"><span class='ocrx_word' id='word_1_321' title='bbox 144 3984 274 4048; x_wconf 83' lang='lat' dir='ltr'>Ritschl.</span> <span class='ocrx_word' id='word_1_322' title='bbox 298 3984 390 4048; x_wconf 86' lang='lat' dir='ltr'>Proll.</span> <span class='ocrx_word' id='word_1_323' title='bbox 407 3984 489 4047; x_wconf 89' lang='lat' dir='ltr'>Trin.</span> <span class='ocrx_word' id='word_1_324' title='bbox 513 4006 544 4069; x_wconf 91' lang='lat' dir='ltr'>p.</span> <span class='ocrx_word' id='word_1_325' title='bbox 568 3983 677 4047; x_wconf 87' lang='lat' dir='ltr'>CLXV</span> <span class='ocrx_word' id='word_1_326' title='bbox 700 4004 744 4067; x_wconf 87' lang='lat' dir='ltr'>sq.</span> <span class='ocrx_word' id='word_1_327' title='bbox 769 3984 938 4047; x_wconf 88' lang='lat' dir='ltr'>Cerssenus</span> <span class='ocrx_word' id='word_1_328' title='bbox 963 3982 993 4045; x_wconf 94' lang='lat' dir='ltr'>ll</span> <span class='ocrx_word' id='word_1_329' title='bbox 1015 4005 1046 4067; x_wconf 90' lang='lat' dir='ltr'>p.</span> <span class='ocrx_word' id='word_1_330' title='bbox 1067 3982 1131 4044; x_wconf 80' lang='lat'>472</span> <span class='ocrx_word' id='word_1_331' title='bbox 1154 3999 1199 4072; x_wconf 86' lang='lat' dir='ltr'>sq.</span> 
     </span>
    </p>
   </div>
   <div class='ocr_carea' id='block_1_8' title="bbox 145 4110 439 4117">
    <p class='ocr_par' dir='ltr' id='par_1_8' title="bbox 145 4110 439 4117">
     <span class='ocr_line' id='line_1_37' title="bbox 145 4110 439 4117; baseline 0 -1"><span class='ocrx_word' id='word_1_332' title='bbox 145 4110 439 4117; x_wconf 71' lang='lat'><em>——---—.-.</em></span> 
     </span>
    </p>
   </div>
   <div class='ocr_carea' id='block_1_9' title="bbox 146 4158 1361 4403">
    <p class='ocr_par' dir='ltr' id='par_1_9' title="bbox 146 4158 1361 4403">
     <span class='ocr_line' id='line_1_38' title="bbox 216 4158 1286 4226; baseline -0.005 -13"><span class='ocrx_word' id='word_1_333' title='bbox 216 4159 241 4225; x_wconf 84' lang='grc'>1)</span> <span class='ocrx_word' id='word_1_334' title='bbox 259 4161 326 4214; x_wconf 84' lang='lat' dir='ltr'>Num</span> <span class='ocrx_word' id='word_1_335' title='bbox 354 4163 404 4214; x_wconf 90' lang='lat' dir='ltr'>huc</span> <span class='ocrx_word' id='word_1_336' title='bbox 426 4162 503 4213; x_wconf 89' lang='lat' dir='ltr'>etiam</span> <span class='ocrx_word' id='word_1_337' title='bbox 528 4160 691 4213; x_wconf 87' lang='lat' dir='ltr'>referendum</span> <span class='ocrx_word' id='word_1_338' title='bbox 716 4161 749 4212; x_wconf 83' lang='lat' dir='ltr'>sit</span> <span class='ocrx_word' id='word_1_339' title='bbox 772 4160 836 4212; x_wconf 88' lang='lat' dir='ltr'>illud</span> <span class='ocrx_word' id='word_1_340' title='bbox 860 4176 905 4208; x_wconf 77' lang='lat' dir='ltr'>aaa</span> <span class='ocrx_word' id='word_1_341' title='bbox 928 4160 996 4226; x_wconf 90' lang='lat' dir='ltr'>quod</span> <span class='ocrx_word' id='word_1_342' title='bbox 1014 4159 1054 4223; x_wconf 84' lang='lat' dir='ltr'>Gl,</span> <span class='ocrx_word' id='word_1_343' title='bbox 1075 4159 1107 4211; x_wconf 90' lang='grc'>10</span> <span class='ocrx_word' id='word_1_344' title='bbox 1128 4161 1157 4211; x_wconf 89' lang='lat' dir='ltr'>in</span> <span class='ocrx_word' id='word_1_345' title='bbox 1179 4158 1286 4210; x_wconf 88' lang='lat' dir='ltr'>elisione</span> 
     </span>
     <span class='ocr_line' id='line_1_39' title="bbox 146 4241 1361 4320; baseline -0.008 -19"><span class='ocrx_word' id='word_1_346' title='bbox 146 4250 248 4316; x_wconf 83' lang='lat' dir='ltr'>legitur,</span> <span class='ocrx_word' id='word_1_347' title='bbox 278 4249 389 4300; x_wconf 89' lang='lat' dir='ltr'>dubitari</span> <span class='ocrx_word' id='word_1_348' title='bbox 419 4252 517 4315; x_wconf 83' lang='lat' dir='ltr'>potest:</span> <span class='ocrx_word' id='word_1_349' title='bbox 542 4247 621 4300; x_wconf 88' lang='lat' dir='ltr'>tradit</span> <span class='ocrx_word' id='word_1_350' title='bbox 648 4263 710 4299; x_wconf 89' lang='lat' dir='ltr'>sane</span> <span class='ocrx_word' id='word_1_351' title='bbox 738 4246 844 4309; x_wconf 83' lang='lat' dir='ltr'>Quintil.</span> <span class='ocrx_word' id='word_1_352' title='bbox 872 4246 892 4307; x_wconf 86' lang='grc' dir='ltr'>Ι,</span> <span class='ocrx_word' id='word_1_353' title='bbox 920 4247 943 4312; x_wconf 82' lang='grc'>6,</span> <span class='ocrx_word' id='word_1_354' title='bbox 967 4248 998 4300; x_wconf 72' lang='lat'>⁸21</span> <span class='ocrx_word' id='word_1_355' title='bbox 1024 4262 1071 4298; x_wconf 91' lang='lat' dir='ltr'>suo</span> <span class='ocrx_word' id='word_1_356' title='bbox 1093 4241 1287 4312; x_wconf 71' lang='lat' dir='ltr'>temperaturae</span> <span class='ocrx_word' id='word_1_357' title='bbox 1358 4314 1361 4320; x_wconf 22' lang='grc' dir='ltr'>Ι</span> 
     </span>
     <span class='ocr_line' id='line_1_40' title="bbox 146 4331 1286 4403; baseline -0.011 -14"><span class='ocrx_word' id='word_1_358' title='bbox 146 4340 263 4403; x_wconf 81' lang='lat' dir='ltr'>coneptu</span> <span class='ocrx_word' id='word_1_359' title='bbox 280 4336 373 4386; x_wconf 90' lang='lat' dir='ltr'>ultima</span> <span class='ocrx_word' id='word_1_360' title='bbox 399 4336 572 4401; x_wconf 86' lang='lat' dir='ltr'>pronuntiari.</span> <span class='ocrx_word' id='word_1_361' title='bbox 601 4334 646 4386; x_wconf 87' lang='lat' dir='ltr'>sed</span> <span class='ocrx_word' id='word_1_362' title='bbox 666 4334 794 4401; x_wconf 88' lang='lat' dir='ltr'>discrepat</span> <span class='ocrx_word' id='word_1_363' title='bbox 811 4340 944 4401; x_wconf 86' lang='lat' dir='ltr'>poetarum</span> <span class='ocrx_word' id='word_1_364' title='bbox 958 4333 1116 4387; x_wconf 83' lang='lat' dir='ltr'>consuet-ude</span> <span class='ocrx_word' id='word_1_365' title='bbox 1129 4333 1169 4397; x_wconf 81' lang='lat' dir='ltr'>(cf.</span> <span class='ocrx_word' id='word_1_366' title='bbox 1183 4331 1286 4383; x_wconf 86' lang='lat' dir='ltr'>Lachm.</span> 
     </span>
    </p>
   </div>
   <div class='ocr_carea' id='block_1_10' title="bbox 146 4419 402 4489">
    <p class='ocr_par' dir='ltr' id='par_1_10' title="bbox 146 4419 402 4489">
     <span class='ocr_line' id='line_1_41' title="bbox 146 4419 402 4489; baseline 0 -14"><span class='ocrx_word' id='word_1_367' title='bbox 146 4423 178 4475; x_wconf 88' lang='lat' dir='ltr'>ad</span> <span class='ocrx_word' id='word_1_368' title='bbox 195 4423 271 4479; x_wconf 84' lang='lat' dir='ltr'>Lucr.</span> <span class='ocrx_word' id='word_1_369' title='bbox 288 4439 313 4489; x_wconf 82' lang='lat' dir='ltr'>p.</span> <span class='ocrx_word' id='word_1_370' title='bbox 336 4419 402 4486; x_wconf 80' lang='lat'>197).</span> 
     </span>
    </p>
   </div>
   <div class='ocr_carea' id='block_1_11' title="bbox 0 0 1440 4852">
    <p class='ocr_par' dir='ltr' id='par_1_11' title="bbox 0 0 1440 4852">
     <span class='ocr_line' id='line_1_42' title="bbox 0 0 1440 4852; baseline 0 0"><span class='ocrx_word' id='word_1_371' title='bbox 0 0 1440 4852; x_wconf 95' lang='lat' dir='ltr'> </span> 
     </span>
    </p>
   </div>
  </div>
 </body>
</html>
