2872 4830
168 417 337 517 temperare
360 431 451 496 nobis
475 430 642 515 poterimus
666 444 724 511 quo
748 429 852 491 minus
876 428 1028 492 Catullum
1051 431 1112 492 lere
1136 430 1241 494 ecdem
1266 437 1308 493 at-

84 590 86 595 .
170 558 230 618 que
252 543 358 621 poetas
382 536 494 618 lyricos
518 533 646 596 Graecos
669 533 733 597 loco
757 533 935 598 habeamus.

256 641 370 703 Verum
395 639 477 701 enim
500 659 571 702 vero
594 658 656 720 qua
677 637 772 700 animi
798 637 980 721 impotentia
1003 645 1033 699 et
1049 638 1134 719 qnasi
1150 638 1310 701 <ferocitate

171 747 199 806 in
224 744 381 808 amoribus
405 743 465 805 luit
486 749 576 827 poeta
595 742 793 819 Veronensis,
817 741 924 804 eadem
947 764 979 804 se
1005 742 1105 825 abripi
1129 762 1239 826 passus
1263 749 1310 806 est

170 871 238 911 (rum
263 855 316 911 aut
339 847 454 910 amicos
477 852 508 910 ct
529 845 649 930 puellas
671 845 810 908 infideles
834 846 993 927 castigavit
1016 854 1068 908 aut
1090 846 1308 927 gubernatores
1379 859 1382 866 '

170 952 355 1036 reipublicae
387 950 441 1032 qui
469 972 507 1012 nc
534 955 651 1014 statum
674 950 790 1013 liberae
814 950 948 1014 civitatis
971 956 1127 1012 mutarent
1149 950 1180 1011 in
1204 950 1310 1013 iustis-

170 1057 282 1119 simam
299 1055 505 1140 suspicionem
521 1062 678 1130 venerant,
703 1056 872 1119 iamborum
891 1055 962 1118 telis
978 1054 1099 1138 petivit.
1149 1053 1210 1117 Nec
1235 1076 1307 1119 vero

171 1180 279 1222 <causas
314 1159 386 1221 illas
416 1158 527 1240 quibus
556 1164 659 1221 motus
689 1158 828 1221 Catullus
858 1159 944 1222 lusus
973 1158 1135 1221 amatorios
1165 1159 1311 1243 pristinos

172 1262 272 1327 subito
292 1269 478 1346 ¹aspernatus
501 1283 533 1325 se
557 1261 595 1323 ad
618 1282 733 1325 novum
755 1263 906 1344 quoddam
932 1263 1102 1326 carminum
1124 1283 1218 1343 genus
1242 1283 1311 1325 con·
1370 1261 1373 1266 ’

171 1367 285 1443 tulerit,
311 1365 439 1428 difficile
463 1364 647 1451 explicabis,
681 1365 707 1427 si
733 1366 773 1429 ad
802 1366 918 1429 dolores
942 1373 973 1429 et
995 1367 1174 1430 acerbitates
1196 1367 1312 1449 gravis·

169 1471 263 1554 simas
298 1490 375 1552 quas
409 1491 447 1532 ex
475 1469 603 1560 Lesbiae
637 1470 835 1554 potissimum
866 1471 979 1534 amoris
1004 1469 1222 1533 consuetudine
1244 1491 1311 1554 per-

169 1581 291 1659 ceperat
315 1574 455 1637 animum
478 1574 654 1641 attenderis,
700 1575 804 1657 Atque
828 1575 884 1638 hac
906 1575 1066 1657 iniquitate
1089 1576 1228 1637 l'ortunao
1251 1595 1313 1657 qua

169 1699 273 1742 omnes
307 1697 383 1760 quas
421 1686 600 1762 conceperat
634 1699 705 1764 spes
737 1679 819 1741 vitae
849 1682 953 1743 beatae
982 1679 1083 1740 irritas
1112 1684 1141 1741 et
1169 1678 1310 1741 homiues

76 1853 79 1858 ⁸
169 1789 273 1846 sancta
294 1781 354 1846 fide
377 1803 502 1866 prorsus
533 1782 696 1846 destitutos
729 1803 795 1846 esse
819 1782 967 1859 vidisset,
991 1782 1085 1845 nimis
1111 1785 1309 1846 exacerbatus
1345 1808 1347 1813 ·

170 1887 325 1969 simulque
346 1885 501 1969 impulsus
524 1886 647 1950 videtur
668 1887 764 1950 fuisse
792 1892 826 1949 ut
848 1886 922 1950 vitia
951 1886 1111 1949 hominum
1137 1893 1167 1950 ct
1189 1908 1310 1970 perrer-

171 1990 276 2053 sitates
304 1989 442 2053 studiose
470 1989 631 2072 indagaret
658 1999 689 2054 et
713 2012 817 2055 severe
847 1991 1076 2074 perstringeret.
1122 1994 1188 2067 Qua
1216 1991 1249 2053 in
1280 2012 1311 2053 re

171 2114 263 2177 quam
292 2093 419 2157 famosis
450 2094 638 2161 carminibus
668 2116 719 2159 eos
747 2095 798 2177 qui
827 2094 1013 2178 reipublicae
1042 2100 1115 2157 tunc
1141 2102 1311 2178 praeerant,

168 2199 199 2260 in
222 2197 334 2281 primis
351 2198 513 2261 Caesarem
530 2199 657 2281 eiusque
674 2199 810 2262 sodalem
826 2193 1014 2262 Mamurram
1035 2198 1219 2280 flagitiosum
1236 2221 1312 2287 ⁴per-

169 2308 291 2366 secutus
315 2301 356 2364 sit
389 2323 456 2365 cum
488 2302 620 2366 aliorum
643 2304 827 2388 scriptorum
852 2305 906 2388 (cs.
930 2303 1055 2367 Tacitus
1077 2323 1147 2365 anu.
1164 2301 1244 2379 llll,
1270 2303 1311 2364 34

169 2412 199 2470 ct
221 2405 387 2470 Suetonius
409 2406 474 2469 vita
497 2407 582 2473 Caes,
606 2404 662 2492 73)
686 2414 753 2472 tum
781 2410 879 2494 ipsius
902 2417 1010 2494 poetae
1026 2405 1211 2470 testimoniis
1235 2407 1311 2469 satis

170 2516 296 2574 constat.
330 2508 408 2572 Odia
423 2515 525 2573 tamen
548 2510 604 2574 illa
625 2513 824 2577 acerbissima
847 2515 958 2596 quibus
986 2513 1146 2575 Caesarem
1173 2510 1312 2574 Catullus

168 2614 293 2677 vexavit
324 2635 387 2678 non
414 2614 458 2677 ita
485 2623 521 2679 ut
543 2616 702 2681 Schwabio
726 2618 788 2683 l.·c.
812 2639 878 2702 pag.
898 2619 957 2684 185
982 2615 1106 2681 videtur
1129 2614 1329 2699 explicanda¹

169 2740 246 2797 esse,
283 2726 318 2782 ut
351 2724 474 2804 poetam
502 2720 614 2785 Lesbia
644 2721 678 2784 in
704 2728 888 2806 perpetuum
916 2719 1062 2784 derelicta
1089 2727 1119 2782 et
1147 2719 1309 2784 hominum

168 2823 283 2895 fiducia
317 2824 402 2886 omni
435 2823 554 2888 abiecta
582 2825 705 2889 Caesari
739 2825 828 2888 enixe
862 2847 894 2888 se
927 2824 1107 2910 opposuisse
1135 2823 1309 2908 suspiceris,

172 2926 362 2992 Ribbeckius
385 2928 419 2989 in
442 2928 521 2992 libro
539 2929 575 2992 de
591 2929 711 2994 Catullo
727 2930 836 2992 Kielae
856 2930 936 2993 1863
953 2952 983 3014 p.
994 2931 1036 2995 59
1059 2937 1122 2992 not.
1140 2930 1181 2993 34
1195 2929 1310 3013 optime

170 3029 282 3097 docuit.
338 3031 448 3114 ltaque
476 3053 538 3096 non
572 3034 744 3098 errabimus
776 3034 949 3098 iudicantes
985 3055 1078 3116 quem
1110 3035 1148 3096 ad
1183 3033 1310 3096 modum

169 3141 284 3199 ceteros
307 3135 372 3198 cius
395 3138 504 3200 aetatis
527 3145 633 3221 poetas
657 3162 682 3205 e.
700 3161 727 3223 g.
743 3138 872 3201 Furium
895 3138 1079 3202 Bibaculum
1102 3144 1132 3199 ct
1154 3137 1309 3200 Licinium

169 3238 299 3303 Calvum
323 3239 368 3303 ita
391 3241 486 3305 etiam
509 3241 666 3307 Catullum
689 3265 743 3328 per
766 3233 864 3307 totum
888 3244 969 3306 vitae
993 3263 1116 3305 cursum
1139 3263 1308 3325 propugna-

164 3351 266 3433 torem
289 3345 476 3429 reipublicae
498 3347 596 3410 fuisse
619 3368 714 3429 eoque
737 3346 950 3410 vehementius
974 3346 1137 3409 Caesarem
1162 3346 1309 3424 „unicum

168 3449 405 3532 imperatorem“
429 3451 634 3534 exagitavisse
658 3451 740 3534 quod
769 3451 852 3514 hune
874 3472 934 3515 non
958 3450 1060 3513 solum
1083 3450 1185 3532 regiae
1209 3449 1309 3532 digni-

171 3552 242 3616 tatis
265 3554 554 3636 appetentissimum
577 3555 630 3619 sed
654 3556 747 3619 etiam
770 3555 895 3639 llagitiis
920 3555 1019 3618 omnis
1042 3553 1161 3636 generis
1185 3552 1310 3616 deditis-

168 3657 281 3722 simum
305 3677 372 3721 esse
396 3656 524 3725 videret.

254 3761 300 3823 De
321 3768 452 3845 utroque
474 3762 569 3845 igitur
589 3763 691 3847 poesis
707 3785 815 3847 genere
830 3770 860 3826 et
881 3762 977 3846 lyrico
992 3769 1023 3825 et
1039 3761 1179 3840 iambico,
1202 3761 1234 3823 in
1250 3781 1310 3842 quo

170 3863 1310 3952 singulariso'atulliproprietasquaedamcerniturquoquemaximcnomen
1382 3884 1385 3888 “

169 3978 200 4034 et
230 3970 347 4032 famam
370 3979 551 4034 consecutus
578 3979 625 4034 cst
654 3972 706 4055 (cf.
731 3970 1059 4055 Quintit.x.,1,v96)
1087 3977 1192 4053 postea
1215 3989 1308 4050 quam

169 4074 219 4138 vel
243 4079 419 4158 temporum
442 4075 556 4157 quibus
587 4075 708 4159 singula
731 4094 869 4158 quaeque
897 4074 1030 4137 carrnina
1052 4074 1084 4137 in
1107 4073 1206 4135 lucem
1239 4093 1308 4157 pro-

169 4180 292 4244 dierunt
313 4176 484 4243 rationibus
507 4178 654 4262 neglectis
677 4178 805 4242 idoneas
828 4179 866 4241 ob
891 4199 997 4245 causas
1021 4179 1118 4263 primo
1135 4178 1200 4241 loco
1216 4179 1310 4241 verba

170 4285 298 4349 fecimus
320 4282 474 4366 reliquum
498 4290 545 4348 est
577 4290 613 4347 ut
643 4283 681 4346 de
703 4283 744 4347 iis
767 4282 917 4367 poematis
941 4283 1073 4346 breviter
1095 4302 1220 4365 agamus
1244 4279 1309 4363 qui-

170 4390 228 4454 bus
251 4388 407 4454 Catullum
437 4409 499 4452 non
529 4396 593 4453 tom
629 4408 700 4453 suos
728 4388 828 4474 ipsius
861 4408 952 4470 quam
984 4385 1101 4450 alienos
1125 4406 1233 4450 sensus
1256 4391 1310 4449 aut

208 4710 241 4793 ί
294 4718 340 4793 “t
