2872 4852
169 357 303 422 Graecae
341 357 442 442 poesis
480 363 620 420 auctores
665 358 888 421 constItuerant
925 354 1123 420 observandis
1152 344 1300 436 'magnam

169 482 291 546 operam
317 482 482 544 curamque
506 461 704 546 consumpsit.
751 464 816 538 Quo
839 463 889 540 fit,
924 465 957 522 ut
983 461 1014 521 in
1038 459 1115 521 libro
1145 460 1211 522 eius
1240 479 1301 522 non

165 565 252 629 nulla
275 573 416 650 poemata
438 566 527 629 nobis
551 570 711 629 occurrant
741 574 807 629 arte
835 566 925 650 plane
948 563 1122 626 admirabili
1147 563 1302 647 elaborata

161 669 258 733 veluti
275 692 315 733 cc.
332 670 403 735 IIII.
420 677 451 734 et
466 670 585 747 LXIII,
603 690 732 752 quorum
748 670 826 733 illud
847 669 959 732 iambis
975 667 1070 753 puna,
1093 667 1150 731 hoc
1165 667 1301 748 galliam-

162 773 212 838 bis
236 777 436 858 compositum
461 781 517 839 cst.
563 773 690 838 Accedit
712 774 793 857 quod
810 773 950 838 Catullus
971 774 1003 835 in
1026 772 1214 837 carminibus
1237 772 1302 834 suis

164 877 192 939 si
216 898 278 942 non
301 878 443 944 omnibus
465 884 568 941 tamen
591 878 747 962 plerisque
770 899 835 941 eam
860 877 1008 940 rationem
1030 882 1077 940 est
1099 881 1236 953 secutae,
1268 885 1303 938 ut

165 981 336 1045 sententias
358 981 494 1062 singulas
517 980 797 1063 sententiarumque
820 982 995 1066 complexus
1015 980 1053 1042 ad
1077 986 1171 1044 certas
1192 1001 1301 1063 aequa-

165 1084 297 1151 bilitatis
320 1106 443 1149 normas
470 1086 651 1167 astringeret
662 1087 687 1171 1)
720 1086 752 1149 in
787 1108 882 1169 eaque
904 1107 935 1149 re
965 1089 1001 1148 ut
1033 1084 1139 1147 multis
1168 1085 1203 1147 in
1231 1074 1315 1147 aliis

77 1172 80 1177 ⁶
164 1190 308 1275 exemplo
340 1196 421 1253 esset
451 1191 549 1275 poetis
577 1188 718 1273 Augusto
753 1190 879 1273 quidem
908 1190 1079 1276 imperante
1109 1189 1300 1253 florentibus.

166 1293 237 1357 Jam
261 1315 333 1359 vero
349 1299 384 1356 ut
406 1294 443 1357 de
466 1296 564 1358 forma
587 1300 709 1358 externa
732 1315 792 1377 qua
815 1295 945 1376 cogitata
967 1299 998 1356 et
1020 1313 1110 1356 sensa
1125 1293 1301 1376 explicaret,

164 1399 280 1483 optime
303 1398 431 1462 meritus
455 1404 510 1475 est,
534 1399 578 1461 ita
601 1399 692 1462 etiam
717 1400 865 1462 sermonis
889 1414 947 1462 usu
969 1417 1115 1478 magnum
1138 1397 1212 1460 artis
1235 1417 1302 1480 pro-

163 1504 278 1566 fectum
300 1502 459 1566 indicavit.
506 1503 653 1579 Quamvis
682 1502 764 1566 enim
793 1503 824 1565 in
852 1503 957 1585 elogiis
984 1501 1182 1587 potissimum
1212 1507 1243 1564 et
1269 1501 1302 1563 in

165 1606 362 1690 epithalamio
393 1605 474 1688 quod
487 1613 608 1671 uocant
630 1607 714 1669 Pelei
737 1613 768 1670 et
790 1607 931 1671 Thetidis
954 1605 1130 1670 communia
1152 1605 1301 1688 quaedam

167 1711 278 1775 habeat
300 1733 368 1774 oum
390 1710 530 1774 Lucretio
552 1709 703 1794 politioris
727 1708 853 1794 quidem
875 1712 985 1775 aetatis
1009 1709 1229 1774 consuetudine
1252 1732 1301 1773 cx-

165 1815 248 1892 trIta,
272 1815 351 1878 sicut
372 1813 566 1900 periodorum
591 1821 778 1879 structuram
800 1817 881 1881 iusto
901 1818 973 1902 plus
989 1837 1049 1879 non
1065 1834 1224 1897 nunquam
1239 1836 1302 1877 am-

163 1918 341 2002 plificatam,
352 1919 572 2002 particularum
590 1941 680 1982 usum
705 1941 766 1984 non
788 1922 902 2004 ubique
918 1921 957 1984 ad
973 1926 1086 1985 certam
1103 1919 1302 1983 constantiam

164 2021 331 2101 redactum,
354 2026 520 2088 verborum
543 2023 773 2089 collocationem
786 2025 868 2108 haud
884 2047 950 2089 raro
971 2025 1183 2090 inconcinnam
1206 2031 1236 2088 et
1257 2024 1302 2086 in-

166 2128 323 2212 cultam‚²)
347 2134 449 2191 tamen
471 2128 588 2212 primus
616 2129 674 2191 fuit
700 2131 790 2213 poeta
812 2130 997 2214 reipublicae
1021 2117 1165 2211 quicum
1188 2129 1303 2212 asperi-

164 2237 245 2297 tates
271 2241 339 2296 tum
362 2231 528 2316 pravitates
552 2232 701 2295 sermonis
723 2233 754 2294 in
777 2233 897 2317 priscae
916 2233 1080 2296 latinitatis
1096 2232 1303 2295 monumentis

167 2339 229 2400 fere
261 2334 436 2420 perspicuas
464 2343 567 2419 aperte
598 2335 716 2419 respuit
743 2342 774 2398 et
804 2336 901 2399 nobili
934 2337 1156 2420 emendataque
1182 2337 1304 2401 dicendi
1332 2346 1335 2351 “

166 2461 287 2523 genere,
322 2438 402 2522 quod
438 2439 471 2502 in
501 2460 592 2525 prosa
619 2439 788 2502 excoluisse
811 2440 963 2529 Ciceronis
986 2442 1131 2506 meritum
1161 2449 1223 2522 est,
1258 2442 1305 2505 uti

164 2544 276 2608 maluit
298 2543 331 2606 in
354 2542 497 2608 versibus
518 2541 677 2606 faciendis.
723 2543 811 2620 Quod
838 2566 906 2608 cum
929 2546 960 2608 in
979 2546 1159 2610 universum
1177 2552 1303 2622 constet,

163 2657 265 2713 tamen
289 2647 409 2731 egregie
429 2647 598 2724 falleretur,
623 2646 650 2710 si
674 2647 745 2729 quis
767 2654 888 2732 poetam
912 2670 1032 2713 emnem
1055 2657 1229 2735 temporum
1253 2672 1305 2713 an·

165 2753 326 2835 tiquorum
349 2750 590 2815 recordationem
615 2751 752 2816 studiose
780 2753 909 2818 abiicere
931 2754 1066 2818 voluisse
1089 2760 1226 2839 putaret:
1256 2776 1304 2817 res

165 2857 258 2937 longe
282 2855 372 2919 aliter
396 2877 427 2918 so
451 2856 552 2920 habet.
596 2856 632 2917 In
664 2856 827 2920 remotiore
858 2859 940 2922 enim
963 2859 1069 2922 Italiae
1096 2865 1179 2943 parte
1202 2858 1304 2941 qualis

165 2960 224 3024 luit
247 2959 347 3024 Gallia
370 2959 535 3043 Cisalpina,
559 2953 719 3043 provincia
741 2962 861 3026 Catullo
885 2963 999 3046 patria,
1023 2984 1085 3027 non
1109 2961 1209 3047 potuit
1232 2983 1305 3026 sane

164 3064 242 3144 fieri,
266 3063 339 3146 quin
362 3083 430 3126 cum
455 3064 567 3127 Itomae
590 3063 751 3127 hominum
774 3065 876 3129 studia
897 3066 1069 3131 litterarum
1093 3066 1213 3130 facilius
1237 3088 1303 3128 rnu-

165 3173 313 3247 tarentur,
338 3173 477 3232 veterum
500 3168 682 3251 scriptorum
714 3170 861 3232 memoria
892 3171 988 3235 multo
1012 3170 1129 3235 diutius
1153 3170 1306 3234 obtineret

167 3273 219 3357 (cf.
246 3273 371 3337 Sueten.
396 3270 433 3336 de
448 3271 495 3336 ill.
511 3293 638 3355 gramm.
656 3272 712 3355 24)
736 3293 773 3335 ex
796 3287 962 3356 eorumque
985 3275 1075 3338 libris
1098 3280 1205 3359 poetae
1229 3274 1306 3338 satis

168 3398 259 3461 saepe
282 3398 397 3441 nouum
421 3374 575 3458 quendam
598 3398 704 3440 sucum
727 3386 757 3441 et
779 3377 959 3459 sanguinem
991 3378 1166 3443 haurientes
1199 3378 1305 3442 carmi-

166 3481 258 3544 nibus
282 3481 346 3545 suis
371 3481 501 3544 colorem
537 3501 604 3544 vere
633 3481 813 3565 popularem
836 3481 992 3546 adderent.
1037 3483 1077 3546 Et
1099 3483 1156 3547 hoc
1179 3482 1304 3566 quidem

166 3585 273 3666 vigore
289 3607 359 3648 eum
376 3585 487 3649 Catulli
504 3591 646 3670 poemata
667 3605 851 3670 magnopere
866 3586 1025 3664 excellant,
1048 3608 1109 3650 non
1124 3587 1307 3651 mirabimur

165 3688 247 3771 quod
270 3689 302 3751 in
325 3689 364 3752 iis
387 3689 504 3752 multae
527 3689 630 3774 prisci,
652 3688 707 3752 sed
729 3690 888 3774 pauciores
910 3691 1046 3773 vulgaris
1069 3690 1119 3754 vel
1146 3692 1306 3756 familiaris

240 4070 267 4138 1)
286 4071 343 4136 Qua
361 4072 393 4125 de
410 4089 438 4124 re
457 4073 561 4140 scripsit
579 4074 607 4130 0.
626 4074 733 4140 Franke,
752 4075 784 4128 de
801 4076 942 4128 artificIosa
953 4075 1304 4142 carminumCatuIIiancrum

166 4160 354 4227 compositione
372 4159 488 4211 BeroIIni
508 4160 581 4215 1866.

233 4242 263 4315 2)
281 4245 313 4299 cf.
332 4245 524 4313 Bemhardyus,
542 4247 601 4301 hist.
619 4246 669 4302 litt.
688 4249 761 4304 Rom.
779 4266 805 4317 p.
818 4249 877 4304 549.
896 4279 927 4287 -
945 4249 969 4302 J.
982 4249 1012 4303 D.
1026 4247 1135 4302 Fussius
1155 4248 1226 4312 apud
1238 4249 1304 4302 Nee·

165 4333 236 4384 kium
254 4331 286 4384 ad
304 4321 436 4385 Valerium
455 4331 579 4386 Catonem
597 4351 622 4402 p.
632 4334 695 4390 307.
