2872 4852
661 254 703 317 53

117 448 198 507 certe
213 449 257 506 >ei
285 444 389 528 posuit
411 443 574 524 LXXXII,
613 448 632 509 3
669 444 728 509 Ita:
767 444 895 528 ,eripere
918 444 945 506 ei
969 444 1031 508 noli
1054 447 1152 510 multo
1175 449 1256 531 quod

117 531 1254 633 ammammmufflammmm

117 651 266 736 Exempla
298 652 429 716 aliorum
462 654 613 736 congessit
639 652 722 715 Neue
748 652 776 714 II
801 675 829 736 p.
860 655 927 717 137.
972 653 1115 718 Alterum
1140 656 1255 720 scilicet

117 756 1255 844 auunmmmammmmmmmpm)

117 859 220 923 hiatus
248 860 378 923 tollendi
409 862 505 943 gratia
531 868 600 924 ante
628 861 813 946 particulam
841 869 870 924 et
898 861 1096 926 inserendum
1125 864 1256 948 putavit,

117 964 175 1027 etsi
213 964 281 1028 eius
310 965 392 1028 modi
418 965 526 1029 vocula
548 965 694 1029 facillime
718 964 856 1028 excidere
879 965 981 1048 potuit
1004 975 1126 1050 propter
1148 969 1255 1031 miram

96 1053 283 1132 'formarum
316 1075 346 1132 ei
372 1076 464 1152 atque
491 1078 520 1132 et
541 1054 795 1147 similitudinem,
832 1069 939 1133 dubito
962 1076 1063 1132 tamur
1088 1074 1126 1135 ob
1151 1094 1262 1149 causas

116 1159 258 1236 metricas
282 1194 357 1235 num
373 1171 493 1237 Catullo
516 1196 570 1258 per
594 1174 798 1237 coniecturam
821 1174 862 1236 sit
883 1173 1107 1258 imputandum.
1147 1176 1258 1250 eram·
1296 1168 1298 1173 ¹

117 1297 209 1358 quam
246 1276 327 1339 enim
366 1277 446 1339 illud
484 1284 515 1340 ci
550 1278 699 1362 producta
736 1277 923 1365 paenultima
954 1279 1078 1362 saepius
1111 1279 1258 1343 dixerunt

89 1380 246 1442 'Plautus
269 1381 434 1444 Terentius
473 1403 530 1445 nee
558 1403 620 1446 non
642 1382 805 1445 Lucretius
835 1389 865 1446 et
890 1383 918 1444 is
942 1382 1064 1464 quidem
1089 1384 1122 1446 in
1144 1384 1256 1464 ultimo
1341 1462 1344 1466 Ι

117 1492 291 1548 constanter
321 1486 491 1549 hexametri
520 1486 611 1571 pede,
641 1494 742 1549 tamen
772 1486 826 1551 ubi
854 1486 985 1550 iambica
1008 1487 1192 1552 collocatum
1216 1489 1257 1551 sit

117 1589 233 1673 perrari
256 1589 314 1653 loci
337 1590 506 1654 extiterunt
529 1591 565 1656 cl'.
590 1591 621 1652 L.
645 1590 812 1653 Muellerus
836 1613 864 1674 p.
889 1593 962 1655 272.

173 1751 176 1756 .
203 1693 290 1757 Trita
318 1693 451 1777 denique
479 1702 525 1758 est
553 1694 702 1779 synicesis
725 1695 759 1757 In
782 1694 830 1756 his
853 1695 1029 1758 vocabulis:
1069 1696 1141 1759 dein
1167 1697 1202 1774 V,
1226 1697 1255 1762 8.

118 1798 147 1860 9.
190 1799 237 1863 lo.
278 1798 387 1861 deinde
417 1799 454 1877 V,
489 1801 517 1863 7,
553 1801 582 1864 9.
622 1798 711 1876 CIII,
735 1801 763 1863 2.
783 1799 874 1883 proin
899 1799 1025 1883 proinde
1048 1807 1079 1865 et
1102 1801 1185 1882 quod
1208 1802 1257 1864 vel

98 1901 214 1964 ,eiecta
238 1902 344 1965 littera
366 1926 382 1966 c
404 1903 552 1987 scriptum
577 1909 623 1966 est
646 1924 768 1965 sorsum
792 1924 847 1987 pro
870 1925 1008 1966 scorsum
1031 1903 1199 1989 Priapes,
1220 1909 1255 1970 17

117 2006 207 2086 (olim
246 2007 355 2070 Catull.
395 2007 461 2083 XX,
505 2009 556 2092 17)
595 2007 632 2070 cf.
671 2006 801 2073 Ritschl.
840 2006 936 2071 Proll.
976 2007 1063 2071 Trin.
1101 2031 1129 2092 p.
1166 2010 1259 2072 CLX.

116 2112 149 2174 L.
174 2111 345 2175 Muellerus
368 2134 397 2195 p.
423 2113 495 2177 ⁶253.
521 2113 592 2176 265.
1015 2118 1017 2122 ’
1305 2118 1308 2126 ’

125 2234 134 2267 ῑ·
202 2215 385 2290 Quaestione
423 2198 531 2297 igitur*
556 2216 594 2279 de
622 2216 756 2299 synizesi
780 2215 868 2279 finita
890 2237 951 2281 non
974 2217 1112 2280 alienum
1137 2218 1258 2282 videtur

116 2315 152 2381 de
191 2319 319 2383 dlaeresi
360 2342 441 2384 nunc
478 2321 647 2405 disceptare
675 2320 723 2383 illi
756 2320 880 2411 quidem
905 2330 940 2385 ut
962 2328 1068 2385 notum
1094 2328 1140 2385 cst
1164 2321 1256 2406 plane.

115 2424 274 2489 contraria.
322 2426 424 2508 Atque
462 2425 540 2489 hanc
577 2447 646 2489 cum
669 2425 749 2488 iuter
771 2432 877 2510 poetas
901 2426 1090 2508 antiquiores
1114 2426 1257 2511 inprimis

117 2527 277 2591 Lucretius
305 2530 338 2592 in
366 2530 488 2593 deliciis
515 2531 644 2594 haberet
671 2529 753 2612 quod
782 2529 871 2594 docet
893 2530 1106 2614 exemplorum
1129 2531 1257 2615 eopiaa

117 2631 261 2696 Kuehnio
298 2655 328 2718 p.
352 2636 394 2699 34
424 2634 569 2711 collecta,
610 2634 751 2698 Catullus
774 2656 837 2697 uon
859 2633 987 2698 admisit
1008 2634 1071 2697 nisi
1095 2635 1126 2697 in
1149 2621 1273 2698 formis¹

118 2739 279 2801 verborum
316 2740 430 2801 solvere
467 2745 497 2801 et
534 2740 654 2817 voluere,
687 2759 851 2822 eorumque
875 2737 1062 2822 compositis,
1108 2737 1256 2823 Exempla

115 2838 199 2930 enim
237 2842 311 2904 haec
348 2848 436 2906 sunt:
475 2842 572 2906 soluit
595 2841 638 2918 Il,
679 2845 706 2908 6.
746 2842 873 2905 soluuut
909 2826 988 2922 LXI,
1027 2841 1079 2907 53.
1117 2842 1256 2907 dissoluo

116 2945 232 3024 LXVI,
260 2948 311 3011 38.
337 2947 480 3010 eveluam
508 2947 584 3011 ibid.
610 2949 659 3010 74.
684 2946 866 3030 pervolueut
888 2945 1066 3024 LXXXXV,
1091 2949 1119 3010 6.
1166 2948 1256 3027 Metri

116 3071 208 3113 causa
246 3049 395 3113 diaeresm
430 3073 448 3113 a
479 3052 578 3135 poetis
610 3059 790 3136 usurpatam
818 3070 885 3113 esse
907 3051 1083 3135 intelleges,
1123 3052 1150 3114 si
1173 3047 1257 3116 locos

118 3154 201 3238 ipses
224 3154 396 3239 inspexeris
419 3155 456 3219 cf.
482 3155 651 3243 Corssenus
674 3155 703 3216 Il
729 3177 759 3240 p.
785 3157 855 3221 752.
879 3155 911 3219 L.
936 3155 1068 3218 Mueller
1090 3178 1119 3240 p.
1143 3158 1215 3220 262.
1338 3236 1342 3241 Δ

203 3263 230 3322 3.
268 3258 318 3321 Ad
355 3259 509 3343 synizesm
546 3259 687 3344 proxime
716 3259 831 3323 accedit
853 3260 1025 3342 synaeresis
1049 3281 1110 3344 qua
1131 3249 1255 3324 vocales

116 3368 129 3425 ι’
156 3370 186 3427 et
215 3385 236 3426 u
266 3363 388 3447 propria
416 3383 560 3426 mensura
588 3370 696 3427 exutae
719 3362 1082 3448 rimsemirooaliumj
1102 3370 1133 3427 et
1154 3389 1171 3426 u
1195 3365 1253 3429 sibi

16 3486 20 3494 ·
116 3467 278 3531 asciscunt.
324 3467 360 3529 ln
384 3488 443 3550 quo
467 3468 516 3546 fit,
539 3474 575 3532 ut
597 3468 712 3532 vocali3
735 3467 919 3532 antecedens
942 3467 969 3529 si
993 3467 1094 3532 brevis
1118 3475 1178 3546 est,
1203 3490 1256 3553 per

117 3578 297 3652 sequentem
321 3592 485 3635 consonam
513 3579 544 3635 et
567 3572 687 3636 vocales
715 3572 789 3635 illas
818 3573 851 3634 in
873 3571 953 3633 huno
977 3570 1104 3634 modum
1127 3573 1255 3656 pingue-

118 3675 212 3737 laetas
236 3676 387 3759 positione
410 3676 605 3761 producatur.
645 3676 696 3740 Sic
719 3675 894 3761 pinguescit
916 3680 930 3737 i
951 3674 1054 3738 littera
1076 3677 1109 3739 in
1132 3676 1255 3742 duabus

31 3786 34 3791 ’
117 3780 199 3862 apud
223 3779 379 3843 Catullum
402 3781 530 3845 vocibus
559 3801 634 3864 quas
662 3780 819 3844 adscribo:
851 3779 1032 3843 octrumum
1055 3780 1125 3856 ΙΝ,
1160 3782 1199 3847 10
1222 3780 1254 3843 in

118 3883 374 3968 hendecasyllabo
397 3884 579 3949 Phalaeeioi
619 3884 803 3960 ,Camerium
825 3884 912 3960 mihi,
937 3883 1090 3969 pessimae
1112 3884 1254 3968 puellae‘,
1294 3911 1296 3915 ’

73 4027 77 4033 -
117 3988 172 4051 sed
210 4011 225 4050 c
262 3989 433 4073 corripiunt
470 3984 593 4053 camera
615 3994 645 4050 et
668 3988 913 4053 Crustuminum
936 3996 1107 4052 memorata
1129 4010 1147 4051 a
1170 3989 1257 4053 Cors-
1287 3996 1290 4003 '

117 4114 192 4156 seno
217 4093 248 4155 II
270 4115 300 4177 p.
326 4093 397 4157 754.
420 4113 510 4176 porro
530 4092 816 4171 conubiumLXIl,
840 4093 881 4158 57
907 4092 940 4155 in
963 4112 1055 4155 versu
1078 4092 1256 4155 hexametro

117 4197 155 4262 cf.
193 4197 312 4262 Lueret.
352 4197 413 4272 III,
453 4198 524 4262 tto.
549 4196 585 4260 V.
613 4199 706 4263 1013.
737 4197 811 4260 iem
833 4197 1000 4261 consilium
1024 4196 1129 4260 Horat.
1155 4196 1255 4261 Carm.
1363 4244 1367 4251 .

119 4301 182 4380 III,
211 4305 247 4377 4,
275 4303 314 4365 41
340 4307 370 4363 et
392 4300 580 4384 principium
603 4301 661 4377 III,
685 4302 714 4378 6,
739 4303 768 4364 6.
813 4299 1111 4383 Frequentissimum
1132 4306 1179 4362 est
1201 4299 1276 4364 hoc·¹

118 4426 316 4488 synaereseos
333 4415 436 4486 'genus
456 4405 486 4468 in
510 4404 616 4468 satiris
636 4404 762 4483 Lucilii,
784 4404 867 4467 unde
883 4404 1024 4486 colligere
1038 4404 1110 4468 licet
1125 4425 1256 4488 pronun·
1274 4477 1276 4482 ¹
