2872 4852
608 225 814 322 *3-4...

144 413 296 496 mugienti
323 413 449 479 fremitu
477 414 544 479 loca
565 421 715 480 retenent.
753 416 917 482 Codicibus
939 435 1011 482 mss.
1034 418 1087 498 qui
1110 419 1210 484 tribus
1233 419 1285 483 his

150 516 225 582 locis
249 518 316 581 sine
339 519 514 603 exceptione
537 519 572 582 in
594 520 736 584 breviore
759 519 856 583 forma
872 521 1048 605 conspirant
1062 522 1181 586 nullam
1196 544 1284 608 pror·

145 642 197 684 sus
234 621 325 685 fidem
361 642 427 686 esse
465 622 580 686 dudum
617 623 835 687 intellexeruut
868 625 1061 709 interpretes.
1120 627 1181 691 Sed
1220 626 1283 691 alio

144 726 209 789 loco
232 725 295 804 LV,
318 727 357 790 10
385 746 461 789 num
483 729 593 790 reduce
626 727 708 808 quod
732 727 873 792 Handius
906 729 982 793 duce
1006 728 1125 794 Datano
1157 731 1286 794 coniecit

145 850 185 893 an
207 832 301 893 reduc
334 828 416 910 quod
440 830 620 896 Schwabius
654 831 870 915 plerorumque
900 832 1049 898 librorum
1071 835 1285 898 auctoritatem

146 943 268 999 secutus
306 934 473 1018 impressit,
504 933 628 997 Catullo
666 934 855 999 reddendum
885 958 925 999 an
961 937 1052 1021 plane
1081 938 1172 1002 aliter
1200 938 1286 1002 loeus

145 1038 306 1123 lingendus
328 1040 370 1103 sit
392 1046 511 1101 utnon
532 1038 630 1102 nullis
652 1038 757 1102 visum
780 1046 836 1117 est,
858 1047 985 1125 propter
1007 1042 1154 1104 miserum
1177 1063 1286 1107 versus

147 1138 288 1208 habitum
311 1165 367 1228 pro
390 1151 470 1206 certo
494 1143 642 1206 constitui
657 1143 772 1226 nequit.
798 1181 837 1189 -
861 1142 907 1205 De
929 1143 979 1206 his
1001 1145 1192 1229 imperativis
1215 1146 1287 1210 vide

146 1249 240 1312 etiam
268 1248 452 1312 Corssenum
475 1246 507 1309 11
529 1269 559 1332 p.
577 1248 649 1313 602.
702 1246 851 1331 Superest
881 1253 983 1311 autem
1012 1249 1111 1313 forma
1133 1250 1285 1332 quaedam

147 1352 324 1438 imperativi
348 1371 441 1433 quam
465 1351 605 1414 Catullus
628 1351 747 1435 primus
763 1350 824 1417 sibi
839 1352 1026 1416 concessisse
1042 1355 1201 1438 reperitur.
1235 1354 1287 1417 Ad

147 1457 322 1539 analogiam
359 1456 441 1520 enim
478 1455 605 1519 illorum
642 1456 896 1540 imperativorum
930 1476 1008 1538 quos
1036 1459 1099 1521 nisi
1133 1466 1288 1543 correptos

150 1561 317 1643 elegantior
340 1568 425 1624 aetas
447 1580 508 1622 uon
531 1559 752 1643 comprobavit,
776 1559 871 1623 semel
894 1561 1008 1625 formae
1024 1568 1110 1643 111911
1126 1562 1285 1626 licentiam

147 1665 290 1730 adhibuit
311 1664 403 1728 metri
425 1663 488 1727 nisi
511 1663 599 1727 fallor
620 1663 804 1727 necessitate
823 1664 926 1728 victus
941 1665 974 1727 in
990 1686 1082 1729 carm.
1099 1665 1227 1744 XXVII,
1252 1669 1287 1730 2:

149 1770 245 1852 ,inger
260 1769 305 1832 mi
321 1768 430 1832 calices
453 1768 642 1831 amariores‘.
675 1767 725 1830 Sic
748 1774 828 1831 recte
851 1768 966 1833 habent
988 1769 1106 1834 codices
1123 1769 1216 1833 Gellii
1231 1770 1287 1849 Vl,

150 1874 201 1950 20,
226 1873 245 1936 6
269 1880 301 1935 et
321 1871 426 1954 glossa
447 1871 610 1936 Philoxeni
632 1871 714 1956 apud
734 1872 910 1936 Labbaeum
932 1895 962 1957 p.
979 1874 1035 1940 93¹³
1053 1881 1084 1938 et
1099 1874 1189 1954 228⁸,
1212 1874 1290 1940 libri

149 1976 320 2041 Catulliani
342 1976 424 2040 male
446 1983 556 2057 augere.
601 1976 676 2041 Post
696 1982 820 2061 poetam
841 1977 1048 2041 Veronensum
1072 1978 1212 2042 similiter
1234 1979 1290 2061 qui

150 2081 265 2145 dixerit
294 2081 374 2143 inter
405 2080 570 2163 dactylicos
598 2079 680 2143 solus
714 2080 869 2145 invenitur
891 2081 1045 2145 Martialis
1067 2082 1151 2162 Vlll,
1175 2084 1228 2163 44,
1252 2083 1287 2147 9:

149 2206 231 2271 rape,
248 2205 366 2267 conger,
382 2185 478 2262 auter,
491 2182 627 2269 posside:
645 2183 882 2267 relinquendum
898 2191 954 2252 est.
967 2186 1004 2252 cl.
1015 2186 1050 2251 L.
1065 2185 1234 2252 Muellerus
1251 2186 1289 2251 de

150 2311 183 2353 rc
206 2297 294 2355 metr.
312 2310 341 2373 p.
358 2290 432 2354 401.
471 2288 577 2352 Priore
599 2288 694 2372 igitur
716 2288 905 2370 quaestionis
926 2295 1014 2374 parte
1043 2290 1187 2356 absoluta
1208 2312 1291 2355 nunc

150 2392 276 2478 quidem
297 2391 337 2456 ad
359 2392 484 2456 alteram
506 2399 700 2456 transeamus
723 2412 783 2474 qua

237 2503 269 2581 β.
301 2496 339 2560 de
370 2497 536 2561 verborum
557 2496 751 2579 quorundam
773 2496 968 2561 fluctuatione
990 2498 1022 2562 in
1045 2498 1220 2564 declinandi
1242 2521 1290 2564 ra

152 2602 291 2667 tionibus
308 2601 414 2685 agitur.
447 2603 512 2678 Quo
529 2601 561 2664 in
576 2621 687 2683 genere
704 2600 818 2664 Catulli
839 2602 1090 2666 consuetudinem
1106 2604 1291 2670 utbreviter

153 2706 401 2792 complectamur,
425 2704 483 2770 etsi
505 2704 637 2791 paucula
658 2704 762 2768 minus
784 2705 911 2770 classica
925 2713 960 2770 ut
973 2707 1017 2770 ita
1039 2707 1139 2772 dicam
1154 2707 1290 2790 admisit,

152 2812 180 2876 si
209 2833 278 2875 cum
309 2810 540 2895 perfectissimis
569 2810 671 2895 poesis
705 2810 881 2874 auctoribus
912 2811 1026 2875 saeculi
1054 2811 1191 2894 Augusti
1219 2834 1289 2877 eum

152 2915 389 3001 comparaveris
409 2921 512 2978 tamen
535 2914 641 2979 eadem
657 2921 689 2978 ct
703 2920 841 2977 veterum
858 2935 919 2978 usu
928 2914 1044 2978 tradita
1059 2923 1147 2990 erant
1161 2917 1291 3000 ideoque

152 3039 349 3103 nequaquam
379 3019 491 3082 vitiosa
514 3025 545 3082 et
566 3019 666 3104 ipsius
688 3024 788 3081 aetate
811 3017 949 3082 nondum
971 3019 1064 3104 plane
1087 3021 1233 3101 obsoleta,
1257 3022 1290 3086 id

154 3124 236 3208 quod
270 3145 309 3188 ex
342 3129 428 3208 parte
461 3122 650 3187 demonstrat
679 3123 882 3207 posteriorum
914 3144 999 3188 usus.
1045 3123 1082 3187 ln
1111 3126 1290 3190 universum

154 3234 258 3292 autem
281 3227 421 3310 sequitur
443 3226 501 3290 hac
523 3247 643 3310 quoque
665 3227 696 3288 iu
720 3248 754 3290 re
777 3248 968 3292 communem
996 3227 1118 3292 dicendi
1140 3251 1291 3311 normam,

154 3339 189 3396 ut
203 3331 363 3414 intelleges
379 3352 418 3394 ex
432 3331 471 3395 iis
487 3352 566 3415 quae
582 3331 645 3395 iam
667 3331 698 3395 in
720 3330 859 3395 medium
881 3332 1078 3417 proferemus.
1103 3332 1160 3396 llla
1181 3354 1292 3419 nempe

155 3436 312 3501 fluctuatio
335 3457 390 3522 per
411 3456 518 3500 omnes
540 3436 770 3517 coniugationes
793 3456 888 3519 acque
910 3436 1091 3521 pervulgata
1112 3443 1142 3500 ct
1156 3436 1207 3500 vel
1223 3458 1291 3501 eam

156 3543 194 3606 ob
218 3560 341 3604 causam
364 3540 484 3622 antiqui
506 3540 656 3604 sermonis
677 3539 829 3604 uberioris
852 3539 980 3603 formam
1003 3561 1038 3603 ao
1061 3540 1195 3625 speciem
1217 3562 1292 3626 prae

155 3668 188 3711 se
218 3665 326 3729 gerens
355 3644 436 3728 apud
460 3644 617 3708 Catullum
650 3644 684 3708 in
716 3649 857 3728 quattuor
885 3643 1010 3707 omnino
1041 3645 1143 3710 verbis
1165 3654 1293 3730 apparet

155 3749 258 3833 qualia
280 3756 354 3813 sunt
376 3751 477 3812 tooure
496 3748 620 3829 fulgere
642 3751 786 3830 deponere
801 3753 912 3830 potari,
935 3754 971 3811 ut
993 3747 1130 3814 ordinem
1152 3755 1294 3814 tueamur

155 3853 310 3919 vocalium
331 3852 576 3937 copulativarum
602 3852 715 3936 quibus
738 3852 875 3936 singulae
897 3851 1125 3933 coniugationcs
1148 3852 1292 3939 deinceps

154 3959 233 4022 inter
257 3979 289 4021 se
314 3956 552 4040 distinguantur.

240 4061 377 4125 Verbum
411 4061 505 4144 igitur
539 4063 661 4125 lavandi
692 4060 774 4143 quod
801 4068 937 4146 tempore
965 4062 1102 4127 florentis
1129 4062 1292 4127 latinitatis

156 4167 325 4251 perfectum
357 4175 478 4230 tantum
505 4164 596 4231 modo
619 4172 713 4247 atque
740 4164 885 4250 supinum
915 4188 985 4231 cum
1006 4166 1198 4251 temporibus
1220 4166 1293 4230 inde

156 4270 301 4335 derivatis
330 4277 450 4335 constat
475 4291 494 4333 a
519 4269 612 4334 tertia
639 4260 850 4353 coniugatione
873 4271 1021 4348 mutuari,
1060 4270 1198 4334 eiusdem
1232 4278 1292 4335 ter·

154 4375 338 4440 minutiones
361 4373 412 4439 vel
434 4373 469 4438 iu
490 4373 646 4459 praesenti
667 4379 807 4459 tempore
829 4374 892 4441 sibi
913 4373 1085 4439 vindicavit
1099 4373 1194 4439 semel
1209 4374 1291 4460 apud
