2872 4852
611 152 813 247 ...m-

147 341 217 404 Sen.
234 339 288 424 Ep.
306 340 357 415 86,
377 341 425 406 15.
471 340 614 404 Ceterum
637 340 719 423 quod
750 340 834 405 solus
861 340 920 404 nisi
947 340 1039 404 fallor
1067 341 1144 403 inter
1174 346 1282 425 poetas

148 443 292 507 classicos
314 443 410 507 talem
442 444 527 508 vocis
558 445 720 515 flexionem
751 444 888 523 admisit,
925 451 1042 509 certum
1072 445 1150 509 mihi
1174 443 1282 508 videor

146 547 238 610 huius
261 547 307 610 rei
335 555 547 628 argumentum
578 550 684 612 afferre
711 569 817 633 posse,
850 549 987 613 studium
1022 550 1137 614 scilicet
1169 547 1282 612 Catulli

146 671 251 734 parem
278 650 311 713 in
342 651 430 715 exitu
459 653 679 717 vocabularum
708 673 816 716 sonum
844 653 1006 717 efficiendi.
1058 654 1180 718 Etenim
1208 673 1280 716 cum

147 753 223 817 alibi
245 761 312 819 tum
334 755 368 818 in
391 756 524 819 carmine
552 757 708 843 proposito
721 793 724 802 ·
738 765 802 821 tam
830 757 928 822 multa
954 764 1117 839 occurrunt
1139 758 1283 821 homoeo-

147 857 333 923 teleutorum
356 860 508 946 exempla,
531 867 568 925 ut
589 883 647 925 non
666 870 730 925 tam
745 861 902 926 occasione
917 861 1051 944 quadam
1067 861 1172 927 oblata
1188 881 1282 943 quam

147 962 285 1027 consulto
316 984 335 1026 a
367 971 458 1048 poeta
478 964 642 1030 videantur
670 966 811 1048 quaesita
839 986 916 1031 esse.
960 967 1053 1030 Porro
1086 989 1124 1029 ex
1151 965 1284 1028 aliorum

147 1087 273 1130 numero
289 1067 364 1131 haec
378 1069 476 1134 habeo
494 1090 572 1152 quae
585 1091 750 1155 apponam:
774 1071 943 1154 fratresque
960 1071 1120 1134 unanimos
1133 1069 1232 1145 Vllll,
1249 1068 1281 1131 4.

146 1171 303 1236 unanimis
331 1172 487 1253 sodalibus
510 1173 609 1252 XXX,
635 1179 662 1239 l.
699 1174 854 1239 unanimis
886 1175 1067 1257 coniugibus
1096 1174 1205 1250 LXVI,
1230 1176 1281 1238 80.

148 1275 310 1340 flexanimo
333 1299 436 1342 amore
451 1278 574 1356 LXlIll,
591 1280 663 1345 330.
693 1280 796 1361 Atque
815 1285 1006 1364 postremum
1028 1299 1139 1342 nomen
1162 1299 1284 1363 semper

148 1379 279 1445 alterius
301 1382 514 1447 declinationis
531 1383 638 1447 fecisse
654 1382 800 1446 videntur
816 1384 981 1469 scriptores
996 1383 1099 1446 Latini
1115 1383 1151 1448 cf.
1168 1383 1281 1445 Pacuv.

149 1485 231 1568 apud
253 1486 379 1550 Varrcn.
407 1488 440 1554 L.
461 1489 495 1552 L.
512 1487 583 1565 Vll,
608 1488 637 1566 5,
661 1489 712 1553 87.
758 1487 818 1551 Cic.
847 1488 958 1552 divin·
974 1487 998 1564 l,
1022 1487 1073 1564 36,
1097 1488 1149 1552 80.
1173 1507 1217 1551 cr.
1241 1485 1283 1565 ll,

147 1589 200 1664 44,
226 1591 296 1654 187.
340 1590 457 1655 Nonius
480 1614 510 1678 p.
530 1591 599 1656 113.
645 1591 690 1654 De
712 1590 835 1676 reipsa
857 1592 956 1656 fusius
980 1592 1041 1674 egit
1063 1591 1232 1654 (lorssenus
1254 1591 1279 1668 l,

149 1713 180 1776 p.
199 1696 261 1759 756
277 1714 323 1777 sq.
347 1696 386 1775 ll,
409 1719 437 1781 p.
454 1696 516 1761 326
533 1717 578 1780 sq.
601 1697 664 1762 425
681 1716 726 1779 sq.

235 1797 379 1863 Proxima
401 1801 539 1883 quaestio
562 1799 754 1865 instituenda
775 1809 823 1864 est

238 1903 285 1968 10.
309 1903 355 1967 De
377 1904 498 1987 generis
520 1905 673 1969 varietate.
705 1905 740 1970 si
762 1906 874 1987 gradus
897 1915 928 1969 et
943 1906 1032 1988 quasi
1047 1926 1207 1992 processus
1224 1905 1283 1967 lin-

148 2026 225 2088 guae
247 2007 408 2072 cuiusdam
432 2030 612 2092 cognoscere
634 2009 803 2089 studemus
827 2010 885 2074 hcc
900 2011 1015 2074 factum
1031 1996 1098 2074 esse
1113 2010 1283 2095 reperimus

149 2116 183 2173 nt
211 2113 250 2176 ab
285 2113 374 2177 initio
404 2115 528 2197 quidem
556 2114 705 2180 vocabula
733 2115 833 2179 varias
865 2114 1103 2197 significationes
1137 2115 1287 2179 habereut

149 2216 267 2298 generis
291 2217 468 2283 diversitate
490 2219 628 2283 nondum
644 2219 789 2283 distincta
804 2220 840 2285 cf.
859 2219 894 2284 G.
912 2219 1039 2283 Curtius
1061 2219 1094 2282 in
1110 2226 1167 2283 act.
1181 2218 1285 2282 societ.

151 2318 262 2384 Saron.
280 2321 316 2400 V,
341 2345 371 2408 p.
387 2324 459 2389 218.
507 2324 595 2400 Quod
615 2330 770 2388 mutatum
792 2329 839 2388 est
862 2323 1007 2408 temporis
1032 2322 1181 2387 decursu:
1213 2344 1286 2386 nam

149 2425 182 2489 in
205 2425 310 2508 lingua
331 2428 441 2491 Latina
467 2427 505 2491 ad
533 2449 626 2511 quam
654 2429 717 2492 iam
740 2435 857 2514 spectat
878 2427 987 2505 oratic,
1009 2425 1174 2490 masculini
1198 2427 1287 2490 femi-

149 2529 278 2612 ninique
301 2531 420 2614 generis
449 2532 584 2617 primum
612 2533 735 2615 quidem
766 2532 937 2597 communis
960 2531 1136 2596 terminatio
1159 2553 1184 2609 s,
1212 2553 1285 2595 neu-

150 2635 228 2699 trius
261 2636 405 2700 suffixum
438 2659 466 2700 or
500 2637 551 2701 vel
582 2640 604 2700 d
631 2636 764 2717 exstitit,
794 2643 900 2722 postea
921 2642 1025 2700 autem
1048 2657 1119 2699 cum
1142 2634 1287 2698 litterae

150 2739 249 2804 finalis
272 2742 311 2806 ad
332 2750 498 2825 utrumque
514 2764 609 2826 genus
626 2741 848 2824 designandum
863 2762 924 2805 non
940 2741 1003 2804 iam
1019 2740 1181 2817 sufficeret,
1204 2760 1286 2802 mas-

152 2845 254 2910 culino
278 2847 424 2910 suffixum
445 2868 496 2926 aar,
528 2847 675 2910 lemininc
708 2845 882 2910 terminatio
911 2867 929 2908 a
955 2844 1051 2909 semel
1083 2843 1201 2909 tributa
1231 2853 1287 2908 est.

151 2950 258 3033 ltaque
280 2950 400 3034 generis
423 2949 603 3014 vicissitudo
625 2950 762 3014 florentis
778 2949 902 3032 linguae
917 2955 1015 3013 aetate
1031 2969 1102 3012 cum
1118 2947 1287 3011 mutatione

151 3053 403 3120 terminationem
414 3056 440 3139 1>
463 3062 526 3119 arte
549 3054 698 3134 cohaeret,
721 3074 908 3136 quamquam
929 3053 985 3117 illa
1007 3072 1114 3115 norma
1136 3072 1197 3115 non
1221 3058 1288 3114 tau-

152 3167 218 3222 tum
242 3159 341 3224 valuit
368 3169 404 3224 ut
431 3181 590 3243 nunquam
617 3159 850 3245 exceptionibus
881 3159 913 3221 in
944 3178 1006 3221 una
1033 3175 1153 3238 quaque
1182 3155 1288 3238 lingua

152 3264 252 3328 obviis
268 3265 353 3330 locus
369 3265 594 3330 concederetur.
624 3265 663 3328 Et
678 3264 808 3348 quadrat
818 3262 1009 3345 hocquidem
1023 3259 1185 3346 praeeique
1201 3259 1233 3322 in
1252 3281 1289 3322 ea

152 3369 277 3431 nomina
300 3389 430 3451 quorum
454 3370 564 3454 stirpes
587 3369 691 3433 littera
712 3375 726 3432 ι’
738 3368 894 3433 finiuntur.
925 3367 971 3430 Ex
985 3365 1035 3429 his
1052 3363 1192 3428 Catullus
1209 3363 1285 3427 duas

153 3493 242 3537 voces
265 3493 341 3556 quae
363 3474 546 3558 plerumque
568 3473 773 3537 masculinum
795 3492 890 3557 genus
914 3476 1095 3552 sequuntur,
1123 3489 1177 3552 pro
1200 3468 1285 3531 femi-

152 3577 233 3642 ninis
256 3578 429 3663 usurpavit,
452 3578 516 3643 scil.
540 3579 610 3642 linis
633 3577 759 3655 LXIIII,
783 3578 860 3640 217:
887 3575 920 3638 in
943 3580 1080 3638 extrema
1101 3577 1176 3653 line,
1205 3573 1287 3657 qued

152 3703 272 3767 semper
299 3684 357 3746 hoc
385 3683 476 3747 modo
506 3682 586 3747 dixit
611 3681 773 3746 Lucretius
802 3681 853 3765 (cf.
877 3679 1000 3757 Kuehn,
1022 3677 1042 3742 l.
1069 3700 1092 3743 c.
1115 3700 1144 3763 p.
1172 3678 1226 3762 13)
1256 3686 1288 3741 et

152 3786 229 3849 cinis
252 3785 384 3851 LXVllI
393 3791 419 3868 b,
447 3790 489 3853 90
516 3788 625 3852 acerba
653 3785 738 3850 einis.
796 3784 848 3862 cl,
878 3785 900 3847 4
937 3787 1054 3846 mutam
1086 3782 1217 3846 cinerem
1249 3783 1286 3848 cf.

153 3891 272 3954 Lucret.
288 3891 360 3970 IIII,
377 3893 449 3958 926.
495 3892 554 3956 Sed
578 3892 611 3955 in
635 3889 748 3977 plurali
770 3908 894 3952 numero
918 3886 1024 3950 cadem
1046 3887 1195 3951 voeabula
1216 3908 1287 3950 curn

153 3996 261 4061 ceteris
284 3997 383 4080 poetis
407 4003 579 4061 constanter
600 4017 710 4079 genere
739 3991 906 4058 masculino
934 3991 1035 4055 affecit
1060 3994 1147 4055 velut
1174 3996 1288 4055 testan-

152 4159 462 4167 ——..-...—.·—-..--

224 4260 250 4328 l)
272 4262 310 4315 Ne
332 4262 379 4314 has
403 4261 506 4328 quidem
534 4260 678 4326 antiquitus
700 4261 771 4310 certa
788 4249 849 4322 lege
867 4255 916 4307 iarn
940 4255 1094 4308 constitutas
1118 4268 1176 4305 esse
1194 4268 1288 4319 magna

153 4349 328 4418 exemplorum
346 4349 419 4415 copia
436 4347 556 4414 patefecit
574 4347 646 4399 Neue
663 4345 697 4410 11,
714 4360 740 4411 p.
752 4343 776 4396 5.
798 4342 822 4395 7.
842 4340 883 4394 74.
