2872 4852
523 223 691 289 ⁴61

105 416 321 480 Lachmannus
344 438 435 500 quem
456 413 645 496 Bemaysius
667 417 790 476 secutus
812 419 875 490 est,
908 412 941 475 in
963 413 1106 495 fulgenti
1126 415 1242 500 optime

83 513 248 600 mutavit,
271 528 306 585 ut
329 541 446 584 versus·
460 519 516 583 ille
540 517 583 581 sic
606 516 796 602 procederet:
820 538 886 596 ,nec
908 517 1016 581 domus
1039 525 1160 602 argento
1184 519 1242 583 ful·
1336 578 1339 583 .

10 621 25 694 '⁴
103 624 185 707 genti
211 645 343 709 auroque
366 624 504 690 renidet‘.
541 622 730 687 Mentionem
752 628 855 686 autem
877 620 934 684 feci
956 620 1050 686 huius
1071 621 1131 687 loci
1153 645 1241 710 prop-

10 779 14 788 .
103 734 187 789 terea
211 728 293 808 quod
316 729 407 812 plane
432 728 565 793 similem
594 727 671 790 mihi
705 726 811 791 videor
835 724 1075 810 deprehendisse
1097 726 1241 791 Catullia-

104 851 179 894 num
211 853 271 914 quo
299 833 413 897 veritas
444 833 635 897 coniecturae
660 830 923 894 Lachmannianae
946 831 1061 913 egregie
1084 832 1240 910 firmatum
1318 835 1321 841 ’

105 919 326 1020 scriptumest
348 938 429 1001 enim
453 936 579 1014 XXIIII,
603 936 660 998 44:
694 935 804 1018 ,regia,
833 934 963 1016 fulgenti
986 933 1148 1018 splendent
1168 956 1241 999 auro

95 1043 196 1123 'atque
219 1049 365 1124 argentc‘.
411 1042 475 1105 Hos
498 1042 592 1124 igitur
612 1040 695 1104 locos
716 1039 804 1103 iuxta
820 1039 985 1122 sepositos
1001 1039 1054 1121 qui
1075 1038 1243 1104 ’11111111-

105 1143 296 1222 sideraverit,
321 1146 372 1208 vix
397 1145 551 1211 dubitabit
574 1145 646 1227 quio
671 1143 810 1208 Catullus
832 1142 909 1206 illud
927 1143 1058 1206 Lucretii
1080 1151 1151 1208 ante
1175 1165 1242 1209 ocu-

105 1249 152 1311 los
176 1248 326 1313 habuerit.
373 1250 431 1312 Sed
456 1249 495 1312 ad
518 1271 554 1312 ea
577 1247 657 1312 unde
681 1247 816 1330 digressi
839 1268 945 1311 sumus
974 1246 1104 1329 gradum
1137 1255 1171 1311 ut
1199 1271 1243 1313 re-

105 1353 252 1432 seramus,
275 1376 346 1417 cum
368 1353 449 1439 apud
475 1360 581 1439 poetas
604 1353 721 1438 priores
745 1353 807 1416 late
830 1351 963 1437 patuerit
987 1352 1128 1416 brevium
1151 1354 1240 1438 sylla·

103 1457 210 1519 barum
234 1457 403 1542 productio,
428 1457 533 1521 eadem
556 1457 693 1542 plerique
722 1455 949 1538 insequentium
972 1462 1146 1541 temporum
1168 1479 1243 1522 nus·
1311 1468 1314 1473 ·
1347 1503 1350 1509 -

84 1580 200 1649 'quam
224 1561 308 1626 alibi
325 1569 452 1625 utuntur
475 1561 535 1625 nisi
558 1562 589 1625 in
607 1582 750 1625 versuum
770 1560 904 1625 caesuris
928 1559 1080 1642 legitimis
1099 1561 1150 1625 vel
1173 1569 1243 1627 ante

110 1664 260 1727 vocabula
284 1665 408 1743 Graeca,
446 1687 536 1748 quam
567 1665 694 1748 quidem
720 1686 861 1729 normam
888 1664 1027 1729 Catullus
1055 1666 1149 1729 ternis
1178 1674 1241 1731 toto

85 1752 197 1853 'opere
229 1769 380 1856 exemplis
414 1781 538 1834 secutus
572 1776 620 1833 est
653 1769 755 1854 qualia
788 1777 873 1833 sunt:
911 1771 1030 1832 dicetur
1056 1769 1243 1853 hymenaeus
1300 1780 1303 1787 '

104 1871 200 1951 LXII,
231 1875 261 1936 4.
296 1877 435 1955 despexit
465 1874 651 1958 hymenaeos
684 1873 811 1951 LXIIII,
846 1873 895 1936 20.
925 1881 1038 1936 auctus
1070 1873 1241 1958 hymenaeo

86 1976 185 2040 ¹LXV
191 1977 215 2055 I,
236 1981 283 2041 11.
314 1977 434 2060 Ubique
456 1978 558 2059 igItur,
582 1978 627 2042 uti
643 1980 806 2042 observare
820 1976 900 2055 licet,
917 1997 1015 2059 neque
1038 1984 1124 2041 extra
1146 1978 1239 2042 hexa-

86 2088 221 2145 metros
252 2082 412 2145 continuos
447 2083 586 2166 singulas
626 2082 788 2146 verborum
822 2080 1055 2144 terminationes
1101 2081 1243 2167 deinceps

71 2168 89 2261 Ἰ
106 2183 220 2248 htteris
246 2209 263 2246 r
286 2194 298 2248 t
319 2210 334 2249 1
356 2186 513 2250 conclusas
544 2208 580 2250 ea
602 2186 776 2250 condicione
799 2192 889 2270 poeta
910 2184 1066 2269 produxit,
1091 2191 1124 2249 ut
1147 2207 1243 2249 unum

12 2281 15 2298 ²
74 2298 90 2356 ,ῑ
104 2288 249 2372 idemque
271 2310 384 2353 nomen
407 2292 583 2363 succederet
605 2291 808 2376 peregrinum.
855 2293 1029 2377 Ceterorum
1051 2289 1081 2351 in
1106 2289 1163 2352 hac
1177 2310 1244 2374 pro-

105 2392 193 2457 sodia
223 2393 381 2458 licentiam
411 2395 588 2480 perscrutati
618 2402 693 2458 sunt
720 2395 841 2459 hachm.
867 2393 904 2457 ad
929 2394 1016 2457 Lucr.
1040 2415 1069 2478 p.
1087 2395 1128 2457 76
1145 2414 1188 2477 sq.
1214 2401 1243 2458 et

104 2499 137 2562 11.
160 2498 296 2562 Mueller.
321 2521 349 2582 p.
364 2499 424 2562 331
444 2521 487 2582 sq.

193 2601 300 2684 Neque
323 2603 447 2668 silentio
469 2604 776 2688 praetermittendum
793 2610 840 2667 est
857 2604 975 2667 vocales
993 2610 1064 2666 ante
1081 2623 1243 2689 consonam

90 2731 126 2779 ¹r
149 2707 265 2790 positas
289 2729 358 2770 cum
383 2707 474 2790 vulgo
498 2709 712 2794 corripiantur,
735 2707 831 2772 semel
854 2707 977 2770 Catullo
1000 2707 1155 2791 placuisse
1177 2729 1244 2794 pro-

90 2810 217 2873 ducere
240 2812 271 2873 in
284 2812 408 2875 nomine
420 2812 549 2875 Celtiber
560 2812 752 2890 XXXVIIII,
772 2813 828 2874 17:
852 2832 944 2891 ,nunc
958 2809 1092 2876 Celtiber
1108 2833 1153 2876 es:
1178 2813 1244 2876 Ccl-

105 2915 216 2979 tiberia
237 2915 269 2978 in
292 2922 381 2979 terra‘
406 2916 439 2978 in
462 2916 599 2981 trimetro
622 2915 766 2980 videlicet
788 2906 937 2992 scazonte,
962 2935 1032 2978 cum
1054 2915 1187 2980 Martial.
1205 2917 1243 2996 X,

107 3021 159 3098 ⁶20,
185 3024 196 3081 1
225 3019 308 3083 idem
337 3019 479 3084 adhibuit
505 3020 653 3104 dactylice
676 3023 720 3087 ita
741 3020 884 3102 quidem:
920 3020 1014 3095 ,ducit
1036 3019 1075 3082 ad
1097 3019 1244 3084 auriferas

37 3190 40 3196 ,
106 3122 187 3205 quod
210 3146 259 3187 me
283 3124 355 3190 Salo
380 3124 515 3189 Celtiber
537 3128 616 3187 oras‘
641 3123 692 3207 (cf.
719 3124 749 3186 h.
766 3123 931 3187 Muellerus
954 3144 983 3208 p.
1001 3123 1089 3208 365).

192 3228 267 3291 Inde
300 3250 354 3313 per
384 3235 519 3292 saturam
550 3227 701 3309 quaedam
729 3228 923 3292 enotabimus
947 3228 1071 3310 cognitu
1092 3227 1176 3291 haud
1199 3229 1244 3291 in-

13 3330 17 3335 ’
91 3319 205 3398 utilia.
250 3333 288 3397 Et
317 3332 453 3417 primum
481 3332 512 3395 in
536 3334 614 3394 1117111
635 3334 767 3396 nabilem
788 3334 883 3395 na'br'lo
906 3332 1080 3414 ubicunque
1106 3332 1244 3416 syllabae
1335 3382 1337 3387 .

106 3420 332 3520 pronuntiando
356 3457 415 3500 non
441 3443 596 3520 coguntur,
621 3458 711 3521 saepe
736 3437 860 3519 quidem
882 3457 1008 3499 numero
1032 3437 1245 3500 1111111111-

107 3541 177 3603 dam
201 3549 312 3605 natura
333 3540 454 3624 longam
479 3541 531 3624 (cf.
557 3539 768 3605 Corssenusll
790 3563 816 3625 p
836 3540 914 3624 508)
937 3548 1045 3624 poetae
1068 3541 1244 3625 corripiant.

106 3644 167 3707 Hic
189 3665 264 3708 usus
291 3645 362 3708 inde
392 3645 552 3708 aCatullo
585 3646 720 3730 primum
749 3644 914 3723 increbuit,
950 3665 1023 3708 nam
1046 3645 1183 3708 Lucretio
1211 3646 1244 3708 in

64 3807 67 3811 ,
108 3748 172 3813 illis
195 3749 323 3813 vocibus
358 3771 418 3812 non
453 3749 511 3813 nisi
549 3757 735 3813 contractam
770 3750 895 3812 formam
930 3749 1056 3834 probari
1086 3755 1244 3833 procerte

107 3853 201 3918 habet
225 3853 439 3917 Lachmannus
463 3874 571 3918 comm.
595 3854 682 3918 Lucr.
706 3875 734 3938 p.
752 3855 793 3918 27
810 3873 854 3935 sq.
900 3852 1037 3917 Catullus
1060 3853 1154 3934 igitur
1176 3875 1243 3917 cum

109 3978 229 4042 semper
251 3956 377 4021 alteram
402 3957 554 4039 syllabam
571 3957 717 4042 corripuit
739 3963 809 4020 ante
824 3957 960 4021 vocalem
977 3956 1063 4020 velut
1079 3957 1245 4020 ostendunt

108 4061 206 4140 XVII,
223 4064 273 4127 21.
301 4061 347 4139 LI,
365 4063 393 4125 7.
418 4061 574 4140 lxviiii,
593 4064 663 4127 131.
689 4061 886 4138 LXXXVIII,
912 4063 940 4126 7.
965 4059 1243 4140 LXXXXVIIII,5

107 4177 137 4229 et
172 4165 371 4248 trisyllabum
405 4165 503 4229 nihilo
541 4165 682 4243 XXVIII,
710 4167 758 4231 12.
792 4165 877 4251 oxi,
896 4166 965 4241 191,
993 4164 1076 4228 idem
1107 4164 1244 4247 neglexit

107 4270 237 4333 Ovidius
260 4269 354 4335 Trist.
375 4269 409 4332 V.
435 4270 485 4347 14,
508 4270 547 4332 41
577 4276 606 4332 et
638 4269 734 4354 Epist.
758 4270 846 4336 Pont.
870 4270 922 4347 III,
949 4272 975 4345 1,
1004 4269 1073 4335 113.
1120 4267 1243 4334 Metam.

12 4375 15 4380 ’
63 4443 66 4448 ,
106 4372 676 4459 11164411,1,,11111111ρ.111.
712 4372 972 4439 01111111111.
1005 4411 1048 4418 —
1080 4372 1173 4436 Porro
1206 4371 1244 4436 de
