2872 4852
693 163 734 227 28

145 354 196 439 (cl.
226 355 350 419 Neuel
381 377 411 440 p.
443 356 518 432 691)
541 354 681 436 quamvis
710 354 766 418 lroc
792 353 895 416 minus
917 373 1069 436 premam,
1107 353 1133 416 si
1157 351 1281 434 quidem

145 461 270 546 saepius
293 459 435 523 Catullus
457 479 476 520 a
498 458 651 522 communi
676 479 732 521 usu
757 458 891 522 recessit.
929 458 971 519 At
986 456 1067 538 quod
1088 457 1189 538 magni
1206 479 1280 520 sane

147 563 295 629 momenti
318 571 380 643 est,
402 563 441 627 ad
464 563 566 626 locum
588 561 741 644 quendam
765 583 893 646 provoco
917 559 1066 624 Martialis
1090 561 1151 624 lere
1174 560 1280 623 eadem

145 668 262 732 ratione
277 667 509 745 conformatum,
533 666 632 748 qualis
655 666 766 749 legitur
787 666 874 744 VIII,
892 668 943 744 72,
960 667 996 728 2:
1021 687 1134 744 ‚morsu
1150 664 1281 749 pumicis

145 772 224 835 aridi
262 772 399 857 politus.‘
456 772 488 835 Is
519 770 614 853 igitur
644 791 706 833 non
728 769 828 833 solum
852 769 941 855 plura
963 790 1107 833 versuum
1129 790 1281 852 generaa

146 877 269 941 Catullo
292 875 475 960 desumpsit,
498 874 552 940 sed
574 874 727 945 interdum
749 874 842 938 etiam
864 873 1032 937 dictionem
1048 873 1114 937 oius
1131 872 1282 936 imitando

145 980 304 1068 expressit.

235 1085 301 1149 lam
323 1084 477 1168 agendum
499 1084 589 1148 nobis
613 1092 659 1149 est

234 1191 282 1256 11,
320 1187 366 1252 De
388 1189 517 1253 flexione
540 1174 762 1274 pronominum,
783 1208 861 1270 quae
882 1187 1009 1273 perinde
1032 1208 1067 1250 ao
1090 1186 1284 1249 substantiva

145 1294 259 1357 multas
295 1304 456 1358 servarunt
491 1293 603 1358 veteris
636 1292 825 1356 formationis
857 1292 1016 1375 reliquias.
1063 1291 1154 1354 Cadit
1177 1296 1280 1352 autem

146 1398 203 1462 hoc
231 1419 301 1461 cum
330 1398 364 1462 in
391 1397 453 1462 alia
482 1397 662 1482 pronomina
691 1405 758 1461 tum
784 1396 947 1482 praecipue
974 1396 1006 1459 in
1028 1395 1108 1458 illud
1131 1393 1213 1477 quod
1237 1401 1284 1457 est
1347 1445 1351 1450 .

147 1505 249 1582 111111,
282 1503 368 1566 cuius
397 1502 520 1586 quidem
543 1502 688 1584 gignendi
707 1501 863 1583 dandique
885 1521 974 1564 casus
995 1507 1133 1584 temporo
1156 1498 1284 1580 antiquo

149 1607 303 1693 duplicem
319 1605 461 1672 flectendi
477 1606 625 1670 rationem
642 1604 850 1689 sequebantur
866 1611 897 1669 et
909 1605 946 1668 Ο·
962 1610 992 1668 et
1008 1603 1284 1680 l-deulinationom,

148 1734 217 1776 cum
252 1732 352 1776 sermo
389 1717 531 1796 posterus
558 1710 739 1775 alterutrius
769 1710 1002 1774 terminationes
1030 1708 1187 1790 legitimas
1217 1728 1285 1771 osse

150 1815 359 1881 constitueret.
405 1816 443 1880 Et
476 1816 514 1878 de
548 1815 646 1900 priore
677 1814 801 1898 quidem
834 1836 942 1898 genere
977 1813 1030 1878 ubi
1061 1813 1222 1895 genetivus
1256 1819 1287 1874 et

148 1920 274 1984 dativus
304 1921 417 1984 formas
444 1920 585 2006 stirpium
612 1919 696 1983 iri-0
723 1919 897 1984 exeuntium
921 1917 982 1981 sibi
1004 1917 1176 1996 asciscunt,
1208 1917 1286 1979 mihi

148 2031 246 2089 tacere
269 2024 342 2089 licet
364 2024 485 2107 quando
502 2023 645 2088 Catullus
668 2022 761 2087 huius
778 2022 861 2088 modi
877 2023 1019 2107 exempla
1034 2043 1095 2086 uon
1110 2021 1237 2107 praebet
1250 2023 1283 2107 ¹).

149 2129 263 2194 Contra
289 2150 350 2193 non
379 2128 554 2213 repudiavit
584 2130 632 2193 bis
663 2128 781 2212 priscae
803 2129 927 2211 linguae
949 2125 1130 2190 memoriam
1152 2124 1285 2188 redinte-

148 2255 235 2317 grare
270 2235 371 2298 altera
403 2232 543 2297 eiusdem
575 2231 764 2316 pronominis
797 2250 852 2315 per
882 2231 1097 2294 iformatione
1119 2229 1196 2293 locis
1220 2229 1283 2293 his:

150 2338 355 2402 masculinum
383 2339 443 2400 ctis
473 2334 553 2399 dixit
582 2334 694 2413 LXVI,
725 2336 766 2400 28
790 2335 983 2418 „coniugium
1007 2355 1068 2417 quo
1091 2354 1152 2397 non
1175 2333 1286 2397 fortius

149 2442 232 2506 ausit
258 2441 338 2505 alis“
372 2447 517 2505 neutrum
544 2441 610 2502 ulid
630 2438 796 2519 XXVIIII,
828 2442 867 2503 15
890 2439 985 2523 „quid
1007 2443 1054 2502 est
1076 2437 1140 2501 alid
1163 2437 1287 2501 sinistra

147 2545 321 2612 liberalitas
329 2545 363 2609 ?“
407 2543 505 2609 Multo
539 2544 664 2629 saepius
690 2544 747 2608 hac
771 2543 901 2608 flexione
930 2544 1026 2608 utitur
1048 2542 1210 2608 Lucretius
1234 2562 1286 2626 po·

147 2651 303 2716 tissimum
331 2651 365 2714 in
392 2649 482 2714 certis
512 2648 697 2730 quibusdam
719 2651 884 2714 verborum
913 2647 1070 2727 formulis,
1109 2667 1170 2730 qua
1192 2646 1229 2708 de
1252 2666 1286 2708 ro

148 2755 220 2820 vide
243 2754 377 2820 Kuehnii
401 2756 520 2832 Quaest.
544 2754 632 2817 Lucr.
660 2774 689 2837 p.
719 2753 768 2817 15.
815 2753 957 2817 Ceterum
980 2751 1018 2815 de
1040 2751 1169 2837 pristina
1191 2749 1286 2813 huius

148 2859 339 2944 pronominis
376 2858 478 2943 specie
515 2857 747 2942 disputaverunt
778 2856 964 2921 Ritscholius
1000 2857 1032 2921 in
1065 2861 1287 2941 programmate

148 2963 208 3042 „de
229 2963 434 3028 declinatione
457 2961 590 3045 quadam
611 2961 707 3026 latina
728 2960 949 3026 reconditiore“
964 2962 1089 3025 Bonnae
1107 2961 1187 3025 1861
1206 2958 1287 3020 edita

148 3076 180 3133 et
202 3069 370 3133 Corssenus
400 3069 499 3152 symb.
524 3066 589 3131 crit.
613 3087 642 3150 p.
667 3065 729 3132 298
753 3086 797 3148 sq.
843 3067 979 3143 Quorum
1001 3064 1059 3128 ille
1081 3063 1204 3147 quidem
1228 3065 1288 3125 olis

149 3195 186 3237 ox
212 3175 297 3237 alius
319 3177 508 3237 contractum
530 3192 597 3236 esse
620 3170 806 3255 suspicatur,
836 3170 947 3235 rectius
968 3169 1018 3233 hic
1040 3169 1068 3232 si
1090 3167 1164 3251 quid
1186 3167 1287 3244 video,

148 3277 235 3342 docet
269 3277 384 3341 formas
415 3277 475 3339 elis
505 3281 536 3339 ot
566 3276 633 3338 olid
660 3274 777 3359 priscas
808 3294 875 3337 esse
907 3280 938 3337 et
969 3272 1117 3356 genuinas
1151 3269 1287 3353 indeque

150 3387 257 3467 postea
278 3379 404 3445 domum
426 3381 510 3443 olt'us
532 3386 564 3444 et
585 3380 676 3442 aliud
696 3378 834 3442 extitisse
858 3378 967 3442 suffixo
988 3383 1018 3441 io
1042 3375 1172 3440 adiecto.

237 3486 319 3550 Inter
341 3484 522 3569 pronomina
544 3481 676 3567 quodam
698 3482 788 3546 modo
813 3482 919 3546 1111111
942 3480 1034 3546 etiam
1056 3487 1158 3565 potest
1179 3479 1289 3542 vocula

148 3613 233 3656 unus
260 3591 292 3654 in
318 3610 380 3672 qua
406 3587 549 3653 similiter
575 3594 740 3672 supersunt
769 3586 887 3672 priscae
911 3583 1125 3648 declinationis
1145 3583 1286 3666 vestigia.

148 3695 274 3760 Etenim
310 3693 503 3777 genetivum,
541 3691 628 3755 cuius
660 3692 758 3755 forma
785 3691 892 3755 in-ius
915 3689 1058 3754 desinens
1081 3709 1219 3752 sermone
1242 3707 1287 3750 se-

149 3799 309 3884 quentium
331 3804 504 3883 temporum
527 3795 665 3861 stabilita
687 3801 744 3876 est,
768 3817 828 3859 non
852 3815 1011 3878 nunquam
1028 3798 1148 3856 veteres
1164 3813 1201 3854 ox
1217 3811 1288 3853 aua-

149 3903 231 3988 logia
242 3901 435 3987 quorundam
450 3901 581 3966 aliorum
592 3900 753 3964 nominum
765 3920 843 3984 quae
857 3899 962 3963 videas
974 3897 1057 3983 apud
1068 3897 1201 3960 Novium
1213 3894 1232 3959 l.
1245 3917 1287 3973 n.‚

148 4009 223 4074 item
249 4007 431 4091 regulariter
457 4028 511 4093 per
537 4012 552 4070 i
582 4011 810 4092 expresserunt.
856 4003 907 4068 Sic
934 4007 994 4066 uni
1019 4008 1066 4066 est
1088 4000 1169 4085 apud
1193 3998 1288 4063 Titio.

217 4252 240 4323 1)
258 4256 335 4324 Apud
354 4258 442 4324 poetas
460 4254 559 4322 priores
583 4255 660 4320 atque
677 4251 826 4304 Lucretium
849 4265 915 4319 quae
939 4249 1036 4318 passim
1054 4246 1178 4313 leguntur
1195 4243 1281 4297 omnia

148 4344 308 4412 conquisitit
325 4342 398 4396 Neue
415 4341 438 4394 II
458 4356 484 4409 p.
504 4338 553 4394 157
571 4354 610 4407 sq.
