2872 4852
620 177 823 273 A,

154 372 290 449 lecimus,
312 388 350 430 ne
373 366 464 450 plane
491 367 638 430 memoria
672 367 737 431 eius
767 366 954 444 aboleretur,
990 368 1133 434 omnibus
1172 368 1294 453 legibus

154 480 301 561 repugnat
323 492 360 534 ex
383 469 494 553 quibus
526 470 665 553 singulae
698 470 819 534 vocales
852 477 1009 534 mutantur
1033 478 1064 535 ot
1087 471 1295 537 debilitantur

154 603 211 646 nec
234 575 402 662 quidquam
424 573 509 637 aliud
532 581 579 638 est
594 574 656 637 nisi
671 573 867 638 librariorum
883 574 1088 639 inconstantia
1103 577 1140 642 cf.
1158 578 1259 643 Corss.
1280 578 1295 641 I
1316 610 1319 616 ·

155 710 185 772 p.
202 685 265 749 299
286 687 318 745 et
339 680 439 764 symb.
463 678 526 743 crit.
550 700 579 763 p.
597 678 669 744 546.

239 788 344 867 bonge
366 782 456 847 aliter
478 802 545 845 sese
568 802 616 845 res
638 782 732 847 habet
753 783 784 845 in
801 785 969 866 scripturae
985 806 1020 846 ac
1034 790 1065 847 et
1080 807 1096 846 e
1111 784 1292 849 confusione

155 914 232 977 quae
255 889 380 974 quidem
402 887 478 951 ratio
503 907 539 949 ex
562 906 659 970 prava
682 885 765 969 vulgi
795 887 1048 971 pronuntiatione
1071 889 1212 971 profecta
1239 910 1297 974 per

156 997 260 1062 omnia
283 1001 420 1077 tempora
442 990 596 1054 communi
613 1010 673 1053 usu
696 990 827 1053 duravit.
871 992 918 1053 Ac
939 991 1073 1075 primum
1094 991 1219 1074 quidem
1236 993 1296 1057 hoc

154 1099 267 1166 Lucilii
295 1102 395 1161 aetate
426 1095 539 1158 factum
566 1115 633 1157 esse
661 1093 757 1158 tradit
779 1094 872 1159 Varro
896 1095 930 1161 L.
949 1095 980 1158 1..
998 1095 1065 1172 VH,
1089 1097 1141 1160 96.
1186 1098 1295 1180 Itaque

155 1227 225 1270 cum
247 1204 311 1267 iam
334 1199 507 1281 antiquitus
530 1198 727 1262 vehementer
753 1198 912 1262 fluctuaret
944 1199 1134 1282 singulorum
1163 1202 1294 1266 vocabu-

158 1311 257 1374 lorum
280 1303 435 1371 scribendi
458 1323 568 1385 genus,
600 1302 667 1364 lieri
694 1323 755 1365 non
783 1306 883 1387 potuIt
906 1304 981 1385 quin
1004 1304 1097 1367 etiam
1118 1305 1150 1367 in
1175 1303 1294 1369 codices

156 1415 304 1497 irreperet
326 1409 386 1472 ista
408 1406 548 1471 confusio
572 1425 669 1488 eoque
692 1406 790 1470 maior
817 1416 899 1471 esset
925 1429 983 1491 quo
1014 1408 1138 1491 longius
1162 1409 1230 1491 quis
1253 1411 1294 1475 ab

155 1515 339 1599 antiquitate
370 1512 499 1577 distaret
527 1511 607 1575 liber
635 1530 730 1572 manu
760 1511 903 1595 scriptae.
949 1513 983 1577 In
1007 1535 1040 1577 re
1062 1513 1157 1595 igitur
1180 1512 1292 1576 diiudi-

155 1621 252 1686 canda
281 1639 356 1682 num
389 1638 444 1701 per
466 1639 481 1679 e
503 1637 543 1678 an
564 1636 619 1700 per
640 1635 675 1677 oe
697 1622 779 1678 certa
812 1615 962 1697 quaedam
999 1617 1147 1681 vocabula
1177 1618 1294 1682 rectius

156 1725 361 1812 proferantur,
396 1720 525 1784 maximi
555 1716 680 1801 quidem
699 1719 847 1782 momenti
870 1728 943 1785 sunt
965 1743 1034 1784 rum
1056 1721 1292 1803 antiquissimae

155 1829 351 1894 membranae
378 1824 508 1906 ideoque
537 1823 597 1887 fide
625 1822 824 1906 dignissimae
851 1830 920 1887 tum
943 1824 1157 1909 inscriptiones
1180 1832 1212 1889 et
1233 1827 1291 1891 rei·

155 1932 298 2020 publicae
320 1936 351 1995 et
372 1927 487 1993 saeculi
509 1928 643 2009 Augusti
672 1935 774 2012 utpote
804 1928 979 2011 contagione
1007 1934 1182 2013 temporum
1211 1931 1292 1995 inse·

155 2038 315 2121 quentium
338 2034 475 2099 nondum
499 2033 680 2117 depravatae
703 2034 740 2096 cl.
765 2032 935 2097 Corssenus
959 2032 972 2094 I
996 2056 1024 2118 p.
1041 2032 1114 2099 325.
1129 2034 1202 2100 689.
1232 2035 1293 2100 His

156 2143 273 2207 scilicet
295 2140 440 2204 docemur
461 2159 516 2222 per
540 2135 768 2222 diphthongum
790 2139 883 2203 verba
908 2136 1003 2201 scribi
1025 2159 1143 2201 moeror
1156 2147 1293 2204 maeatas

62 2279 65 2285 ·
148 2253 285 2330 pomitet
311 2250 403 2307 taeter
429 2262 534 2304 scaena
564 2247 682 2323 saepire
708 2247 846 2321 saeptam
874 2243 1030 2304 saeculam
1057 2248 1088 2305 et
1118 2249 1294 2323 quaesunt

154 2350 278 2427 similia,
311 2353 417 2412 contra
442 2345 545 2409 vocali
567 2366 583 2407 e
611 2343 763 2426 designari
790 2366 860 2407 ceno
886 2366 990 2408 cenare
1012 2346 1156 2410 obscenas
1171 2345 1293 2425 femiae

150 2455 306 2532 secandas
324 2452 419 2529 ferras
435 2456 491 2514 etc.
516 2448 553 2512 cl.
579 2448 746 2512 Corssenus
769 2449 788 2514 l.
806 2471 836 2513 n.
857 2455 887 2512 et
909 2450 1009 2533 symb.
1027 2449 1092 2513 crit.
1116 2472 1146 2535 p.
1166 2451 1226 2515 188
1243 2472 1291 2533 sq.

157 2561 226 2625 191.
256 2555 474 2621 Fleckeisenus
497 2553 661 2635 quinquag.
686 2561 742 2619 art.
766 2575 793 2637 p.
810 2555 861 2619 27.
892 2553 1080 2617 Ritschelius
1095 2553 1187 2618 Proll.
1202 2554 1290 2619 TrIn.

154 2686 184 2749 p.
200 2661 323 2726 XCVII.
368 2659 517 2724 Stabilita
546 2658 640 2740 igitur
668 2656 777 2721 horum
806 2657 1029 2723 vocabulorum
1057 2659 1221 2744 scriptione
1244 2682 1291 2724 re-

155 2767 302 2831 vertimur
324 2763 364 2828 ad
387 2763 561 2839 Catullum,
597 2769 633 2826 ut
664 2782 755 2845 quam
784 2762 817 2825 in
847 2782 881 2827 eo
905 2783 1013 2843 genero
1035 2763 1288 2828 consuetudinem

155 2878 276 2935 secutus
299 2869 342 2934 sit
363 2868 532 2932 videamus.
579 2868 645 2943 Qua
667 2866 700 2929 in
722 2888 756 2929 re
779 2866 858 2929 mihi
882 2867 1005 2949 quidem
1029 2868 1127 2930 exiis
1151 2888 1229 2950 quae
1251 2869 1290 2932 ad

154 2974 364 3039 condicionem
392 2971 464 3034 libri
488 2971 675 3035 Veronensis
703 2992 783 3034 nunc
811 2970 960 3056 deperditi
992 2971 1220 3036 inlustrandam
1252 2973 1291 3037 de

153 3079 268 3162 origine
291 3076 498 3141 fluctuationis
526 3075 693 3160 scripturae
720 3075 801 3139 inter
823 3102 839 3135 ο
864 3082 894 3138 ct
916 3097 939 3151 e,
971 3084 1001 3138 et
1023 3097 1057 3139 aa
1078 3076 1109 3139 in
1133 3076 1290 3141 codicibus

154 3183 268 3249 Catulli
291 3180 510 3247 sincerioribus
534 3179 711 3264 perspicuae
734 3179 964 3243 accuratissime
986 3178 1155 3264 disputavit
1169 3180 1291 3244 Schwa-

154 3288 223 3352 bius
249 3288 343 3372 praef.
360 3285 407 3350 ed.
424 3308 454 3371 p.
471 3284 560 3348 XVII
577 3303 642 3365 sqq.
667 3282 791 3346 videtur
815 3290 899 3347 extra
922 3304 1044 3349 omnem
1066 3284 1291 3351 dubitationem

104 3412 107 3417 ·
152 3393 288 3478 positum
311 3411 379 3455 esse
401 3395 523 3476 poetam
553 3388 693 3469 siugulas
726 3387 800 3451 illas
823 3408 912 3452 voces
944 3387 982 3451 de
1015 3388 1128 3471 quibus
1151 3387 1287 3454 dubitari

153 3497 251 3574 liceat,
275 3517 329 3582 per
352 3494 574 3579 diphthongum
607 3514 642 3555 ae
675 3491 855 3577 protulisse,
888 3492 970 3573 quod
996 3492 1029 3555 in
1049 3492 1158 3556 iisdem
1182 3494 1290 3557 Lucre-

151 3601 230 3665 tium
253 3619 373 3684 quoque
396 3597 505 3663 fecisse
527 3603 617 3680 putat
638 3596 852 3660 lachmannus
875 3616 982 3660 comm.
998 3618 1027 3681 p.
1044 3597 1094 3663 25.
1125 3597 1168 3661 Eo
1190 3598 1290 3681 magis

152 3725 225 3769 sane
248 3703 374 3769 offendit
396 3702 478 3785 quod
500 3702 546 3765 vir
568 3700 756 3786 perillustris
783 3701 815 3762 in
837 3699 915 3764 libro
931 3699 1102 3764 Catulliana
1118 3723 1187 3766 cum
1210 3722 1290 3766 sem-

151 3830 206 3893 per
228 3815 362 3873 maeatas
384 3809 516 3870 saeclum
532 3810 669 3888 poenitet
689 3804 848 3883 scriberet,
871 3814 961 3890 plane
983 3805 1070 3869 aliter
1084 3805 1186 3870 voluit
1201 3814 1289 3891 septa

151 3912 243 3988 LXII,
266 3911 308 3977 39
338 3916 368 3975 et
387 3916 467 3974 teter
488 3910 551 3987 LX,
576 3909 606 3973 3.
630 3908 767 3989 LXXVI,
791 3909 832 3972 25
855 3909 1042 3993 imprImere.
1087 3909 1195 3993 Neque
1216 3931 1288 3975 vero

152 4016 263 4080 desunt
285 4035 362 4099 quae
383 4014 417 4078 in
440 4013 621 4079 contrariam
637 4020 757 4098 partem
773 4012 906 4092 valeant,
928 4020 964 4077 ut
979 4013 1088 4097 glaeba
1102 4013 1229 4093 LXIIII,
1244 4016 1289 4081 40

151 4123 189 4185 ab
213 4119 381 4184 editoribus
412 4139 473 4183 non
508 4118 602 4182 nuIIIs
635 4117 749 4180 iniuria
775 4119 999 4202 approbatum,
1031 4117 1146 4181 rectius
1170 4120 1287 4198 glebam

150 4223 287 4289 Achilles
310 4223 428 4289 Statius
452 4229 482 4287 et
501 4222 716 4288 Rossbachius.
739 4259 782 4268 -
815 4221 908 4285 Porro
943 4228 1046 4286 utrum
1073 4224 1217 4304 pedatura
1247 4243 1288 4285 an

145 4332 308 4413 predicare
338 4327 532 4392 scribendum
567 4333 648 4392 esset
678 4325 761 4409 quod
784 4325 869 4405 XVI,
896 4327 923 4390 1.
949 4326 987 4387 14
1010 4333 1042 4389 et
1063 4324 1147 4404 XXI,
1171 4329 1192 4391 4
1213 4326 1287 4411 legi-
