<?xml version="1.0" encoding="UTF-8"?>
<!DOCTYPE html PUBLIC "-//W3C//DTD XHTML 1.0 Transitional//EN"
    "http://www.w3.org/TR/xhtml1/DTD/xhtml1-transitional.dtd">
<html xmlns="http://www.w3.org/1999/xhtml" xml:lang="en" lang="en">
 <head>
  <title>
</title>
<meta http-equiv="Content-Type" content="text/html;charset=utf-8" />
  <meta name='ocr-system' content='tesseract 3.04.00' />
  <meta name='ocr-capabilities' content='ocr_page ocr_carea ocr_par ocr_line ocrx_word'/>
</head>
<body>
  <div class='ocr_page' id='page_1' title='image "./decatullianorum00reecgoog_0067.png"; bbox 0 0 2872 4852; ppageno 0'>
   <div class='ocr_carea' id='block_1_1' title="bbox 694 167 736 232">
    <p class='ocr_par' dir='ltr' id='par_1_1' title="bbox 694 167 736 232">
     <span class='ocr_line' id='line_1_1' title="bbox 694 167 736 232; baseline -0.024 0"><span class='ocrx_word' id='word_1_1' title='bbox 694 167 736 232; x_wconf 82' lang='lat'><strong>58</strong></span> 
     </span>
    </p>
   </div>
   <div class='ocr_carea' id='block_1_2' title="bbox 50 356 1290 2425">
    <p class='ocr_par' dir='ltr' id='par_1_2' title="bbox 145 356 1289 1779">
     <span class='ocr_line' id='line_1_2' title="bbox 222 356 1289 442; baseline 0.001 -21"><span class='ocrx_word' id='word_1_2' title='bbox 222 359 299 422; x_wconf 90' lang='lat' dir='ltr'><strong>Item</strong></span> <span class='ocrx_word' id='word_1_3' title='bbox 308 377 398 442; x_wconf 88' lang='lat' dir='ltr'><strong>porro</strong></span> <span class='ocrx_word' id='word_1_4' title='bbox 408 356 512 422; x_wconf 87' lang='lat' dir='ltr'><strong>littera</strong></span> <span class='ocrx_word' id='word_1_5' title='bbox 527 357 687 422; x_wconf 82' lang='lat' dir='ltr'><strong>coemitur</strong></span> <span class='ocrx_word' id='word_1_6' title='bbox 697 357 730 420; x_wconf 92' lang='lat' dir='ltr'><strong>in</strong></span> <span class='ocrx_word' id='word_1_7' title='bbox 742 356 899 423; x_wconf 80' lang='lat' dir='ltr'><strong>adverbiis</strong></span> <span class='ocrx_word' id='word_1_8' title='bbox 911 357 1077 442; x_wconf 90' lang='lat' dir='ltr'><strong>disyllabis</strong></span> <span class='ocrx_word' id='word_1_9' title='bbox 1084 360 1154 422; x_wconf 76' lang='lat' dir='ltr'><strong>bene</strong></span> <span class='ocrx_word' id='word_1_10' title='bbox 1164 362 1197 422; x_wconf 89' lang='lat' dir='ltr'><strong>et</strong></span> <span class='ocrx_word' id='word_1_11' title='bbox 1206 359 1289 422; x_wconf 81' lang='lat' dir='ltr'><strong>mule</strong></span> 
     </span>
     <span class='ocr_line' id='line_1_3' title="bbox 146 462 1285 547; baseline 0.004 -22"><span class='ocrx_word' id='word_1_12' title='bbox 146 463 208 525; x_wconf 89' lang='lat' dir='ltr'><strong>iarn</strong></span> <span class='ocrx_word' id='word_1_13' title='bbox 228 462 399 544; x_wconf 90' lang='lat' dir='ltr'><strong>antiquitus</strong></span> <span class='ocrx_word' id='word_1_14' title='bbox 421 467 562 547; x_wconf 87' lang='lat' dir='ltr'><strong>correpta</strong></span> <span class='ocrx_word' id='word_1_15' title='bbox 575 483 631 526; x_wconf 90' lang='lat' dir='ltr'><strong>nec</strong></span> <span class='ocrx_word' id='word_1_16' title='bbox 651 462 780 526; x_wconf 88' lang='lat' dir='ltr'><strong>descivit</strong></span> <span class='ocrx_word' id='word_1_17' title='bbox 794 483 813 525; x_wconf 90' lang='lat' dir='ltr'><strong>a</strong></span> <span class='ocrx_word' id='word_1_18' title='bbox 828 462 985 526; x_wconf 90' lang='lat' dir='ltr'><strong>communi</strong></span> <span class='ocrx_word' id='word_1_19' title='bbox 1007 483 1114 527; x_wconf 90' lang='lat' dir='ltr'><strong>norma</strong></span> <span class='ocrx_word' id='word_1_20' title='bbox 1129 462 1285 529; x_wconf 77' lang='lat' dir='ltr'>Catullus,</span> 
     </span>
     <span class='ocr_line' id='line_1_4' title="bbox 146 566 1288 650; baseline 0.003 -22"><span class='ocrx_word' id='word_1_21' title='bbox 146 567 244 630; x_wconf 60' lang='lat' dir='ltr'><strong>leode</strong></span> <span class='ocrx_word' id='word_1_22' title='bbox 266 574 370 630; x_wconf 89' lang='lat' dir='ltr'><strong>autem</strong></span> <span class='ocrx_word' id='word_1_23' title='bbox 392 566 474 649; x_wconf 91' lang='lat' dir='ltr'><strong>quod</strong></span> <span class='ocrx_word' id='word_1_24' title='bbox 488 567 538 630; x_wconf 93' lang='lat' dir='ltr'><strong>his</strong></span> <span class='ocrx_word' id='word_1_25' title='bbox 560 566 652 649; x_wconf 82' lang='lat' dir='ltr'><strong>vulgo</strong></span> <span class='ocrx_word' id='word_1_26' title='bbox 668 566 852 650; x_wconf 84' lang='lat' dir='ltr'><strong>adiungitur,</strong></span> <span class='ocrx_word' id='word_1_27' title='bbox 877 588 945 630; x_wconf 91' lang='lat' dir='ltr'><strong>cum</strong></span> <span class='ocrx_word' id='word_1_28' title='bbox 969 567 1057 632; x_wconf 92' lang='lat' dir='ltr'><strong>brevi</strong></span> <span class='ocrx_word' id='word_1_29' title='bbox 1078 566 1191 630; x_wconf 89' lang='lat' dir='ltr'><strong>ultima</strong></span> <span class='ocrx_word' id='word_1_30' title='bbox 1206 566 1288 631; x_wconf 80' lang='lat' dir='ltr'><strong>dixit</strong></span> 
     </span>
     <span class='ocr_line' id='line_1_5' title="bbox 146 668 1286 751; baseline 0.002 -18"><span class='ocrx_word' id='word_1_31' title='bbox 146 669 274 734; x_wconf 90' lang='lat' dir='ltr'><strong>Plautus</strong></span> <span class='ocrx_word' id='word_1_32' title='bbox 294 668 376 734; x_wconf 91' lang='lat' dir='ltr'><strong>Pars.</strong></span> <span class='ocrx_word' id='word_1_33' title='bbox 401 673 431 747; x_wconf 80' lang='lat'><strong>2,</strong></span> <span class='ocrx_word' id='word_1_34' title='bbox 455 676 479 748; x_wconf 91' lang='lat' dir='ltr'><strong>l,</strong></span> <span class='ocrx_word' id='word_1_35' title='bbox 503 672 542 737; x_wconf 87' lang='lat'><strong>16</strong></span> <span class='ocrx_word' id='word_1_36' title='bbox 560 682 591 734; x_wconf 90' lang='lat' dir='ltr'><strong>et</strong></span> <span class='ocrx_word' id='word_1_37' title='bbox 604 672 635 750; x_wconf 87' lang='lat'><strong>4,</strong></span> <span class='ocrx_word' id='word_1_38' title='bbox 652 671 682 747; x_wconf 88' lang='grc'><strong>4,</strong></span> <span class='ocrx_word' id='word_1_39' title='bbox 698 671 739 736; x_wconf 84' lang='grc'><strong>98</strong></span> <span class='ocrx_word' id='word_1_40' title='bbox 758 670 796 734; x_wconf 94' lang='lat' dir='ltr'><strong>de</strong></span> <span class='ocrx_word' id='word_1_41' title='bbox 819 671 1000 735; x_wconf 90' lang='lat' dir='ltr'><strong>coniectura</strong></span> <span class='ocrx_word' id='word_1_42' title='bbox 1020 671 1197 751; x_wconf 81' lang='lat' dir='ltr'><strong>Ilitschelii‚</strong></span> <span class='ocrx_word' id='word_1_43' title='bbox 1220 671 1286 736; x_wconf 90' lang='lat' dir='ltr'><strong>nisi</strong></span> 
     </span>
     <span class='ocr_line' id='line_1_6' title="bbox 145 774 1286 860; baseline 0.003 -23"><span class='ocrx_word' id='word_1_44' title='bbox 145 774 277 838; x_wconf 87' lang='lat' dir='ltr'><strong>iambica</strong></span> <span class='ocrx_word' id='word_1_45' title='bbox 299 774 434 859; x_wconf 84' lang='lat' dir='ltr'><strong>positum</strong></span> <span class='ocrx_word' id='word_1_46' title='bbox 457 774 574 838; x_wconf 87' lang='lat' dir='ltr'><strong>Catullo</strong></span> <span class='ocrx_word' id='word_1_47' title='bbox 596 776 765 858; x_wconf 90' lang='lat' dir='ltr'><strong>ceterisque</strong></span> <span class='ocrx_word' id='word_1_48' title='bbox 787 775 870 858; x_wconf 91' lang='lat' dir='ltr'><strong>quod</strong></span> <span class='ocrx_word' id='word_1_49' title='bbox 891 775 987 838; x_wconf 89' lang='lat' dir='ltr'><strong>sciam</strong></span> <span class='ocrx_word' id='word_1_50' title='bbox 1007 775 1107 860; x_wconf 88' lang='lat' dir='ltr'><strong>poetis</strong></span> <span class='ocrx_word' id='word_1_51' title='bbox 1122 775 1286 859; x_wconf 82' lang='lat' dir='ltr'><strong>dactylicis</strong></span> 
     </span>
     <span class='ocr_line' id='line_1_7' title="bbox 145 878 1288 963; baseline 0.001 -21"><span class='ocrx_word' id='word_1_52' title='bbox 145 900 303 963; x_wconf 91' lang='lat' dir='ltr'><strong>nunquam</strong></span> <span class='ocrx_word' id='word_1_53' title='bbox 316 881 461 963; x_wconf 89' lang='lat' dir='ltr'><strong>probatur</strong></span> <span class='ocrx_word' id='word_1_54' title='bbox 477 878 515 942; x_wconf 88' lang='lat' dir='ltr'><strong>ef.</strong></span> <span class='ocrx_word' id='word_1_55' title='bbox 533 879 597 945; x_wconf 83' lang='lat' dir='ltr'><strong>Cat.</strong></span> <span class='ocrx_word' id='word_1_56' title='bbox 614 879 716 958; x_wconf 85' lang='lat' dir='ltr'>XXII,</span> <span class='ocrx_word' id='word_1_57' title='bbox 736 883 763 942; x_wconf 91' lang='lat'><strong>1.</strong></span> <span class='ocrx_word' id='word_1_58' title='bbox 786 878 896 943; x_wconf 91' lang='lat' dir='ltr'><strong>Moneo</strong></span> <span class='ocrx_word' id='word_1_59' title='bbox 911 880 969 943; x_wconf 92' lang='lat' dir='ltr'><strong>hoc</strong></span> <span class='ocrx_word' id='word_1_60' title='bbox 984 887 1089 943; x_wconf 90' lang='lat' dir='ltr'><strong>contra</strong></span> <span class='ocrx_word' id='word_1_61' title='bbox 1104 879 1288 944; x_wconf 86' lang='lat' dir='ltr'><strong>Kuehrrium</strong></span> 
     </span>
     <span class='ocr_line' id='line_1_8' title="bbox 146 983 1288 1069; baseline 0.002 -23"><span class='ocrx_word' id='word_1_62' title='bbox 146 983 199 1066; x_wconf 91' lang='lat' dir='ltr'><strong>qui</strong></span> <span class='ocrx_word' id='word_1_63' title='bbox 220 983 253 1047; x_wconf 89' lang='lat' dir='ltr'><strong>in</strong></span> <span class='ocrx_word' id='word_1_64' title='bbox 273 983 394 1059; x_wconf 84' lang='lat' dir='ltr'><strong>Quaest.</strong></span> <span class='ocrx_word' id='word_1_65' title='bbox 411 984 500 1049; x_wconf 92' lang='lat' dir='ltr'><strong>Lucr.</strong></span> <span class='ocrx_word' id='word_1_66' title='bbox 517 1007 547 1069; x_wconf 89' lang='lat' dir='ltr'><strong>p.</strong></span> <span class='ocrx_word' id='word_1_67' title='bbox 563 987 604 1050; x_wconf 83' lang='lat'><strong>37</strong></span> <span class='ocrx_word' id='word_1_68' title='bbox 632 984 724 1047; x_wconf 90' lang='lat' dir='ltr'><strong>istius</strong></span> <span class='ocrx_word' id='word_1_69' title='bbox 754 983 895 1047; x_wconf 90' lang='lat' dir='ltr'><strong>adverbii</strong></span> <span class='ocrx_word' id='word_1_70' title='bbox 909 984 1128 1069; x_wconf 90' lang='lat' dir='ltr'><strong>correptionem</strong></span> <span class='ocrx_word' id='word_1_71' title='bbox 1140 984 1288 1049; x_wconf 91' lang='lat' dir='ltr'><strong>omnibus</strong></span> 
     </span>
     <span class='ocr_line' id='line_1_9' title="bbox 146 1086 1289 1171; baseline 0.003 -21"><span class='ocrx_word' id='word_1_72' title='bbox 146 1086 316 1169; x_wconf 87' lang='lat' dir='ltr'><strong>aequaliter</strong></span> <span class='ocrx_word' id='word_1_73' title='bbox 349 1087 534 1151; x_wconf 83' lang='lat' dir='ltr'><strong>familiarem</strong></span> <span class='ocrx_word' id='word_1_74' title='bbox 556 1088 652 1152; x_wconf 87' lang='lat' dir='ltr'><strong>fuisse</strong></span> <span class='ocrx_word' id='word_1_75' title='bbox 677 1088 798 1152; x_wconf 91' lang='lat' dir='ltr'><strong>videtur</strong></span> <span class='ocrx_word' id='word_1_76' title='bbox 824 1088 1010 1153; x_wconf 83' lang='lat' dir='ltr'><strong>existimare.</strong></span> <span class='ocrx_word' id='word_1_77' title='bbox 1049 1088 1150 1171; x_wconf 82' lang='lat' dir='ltr'><strong>Atque</strong></span> <span class='ocrx_word' id='word_1_78' title='bbox 1171 1088 1206 1150; x_wconf 80' lang='lat' dir='ltr'><strong>In</strong></span> <span class='ocrx_word' id='word_1_79' title='bbox 1227 1088 1289 1153; x_wconf 89' lang='lat' dir='ltr'><strong>hoc</strong></span> 
     </span>
     <span class='ocr_line' id='line_1_10' title="bbox 146 1191 1287 1278; baseline 0.001 -24"><span class='ocrx_word' id='word_1_80' title='bbox 146 1213 255 1275; x_wconf 81' lang='lat' dir='ltr'>genere</span> <span class='ocrx_word' id='word_1_81' title='bbox 288 1192 420 1256; x_wconf 91' lang='lat' dir='ltr'><strong>multum</strong></span> <span class='ocrx_word' id='word_1_82' title='bbox 446 1199 536 1278; x_wconf 91' lang='lat' dir='ltr'><strong>poeta</strong></span> <span class='ocrx_word' id='word_1_83' title='bbox 567 1193 666 1256; x_wconf 88' lang='lat' dir='ltr'><strong>differt</strong></span> <span class='ocrx_word' id='word_1_84' title='bbox 696 1191 877 1255; x_wconf 50' lang='lat' dir='ltr'><strong>allueretie</strong></span> <span class='ocrx_word' id='word_1_85' title='bbox 909 1193 963 1273; x_wconf 89' lang='lat' dir='ltr'><strong>qui</strong></span> <span class='ocrx_word' id='word_1_86' title='bbox 992 1192 1042 1256; x_wconf 88' lang='lat' dir='ltr'><strong>vel</strong></span> <span class='ocrx_word' id='word_1_87' title='bbox 1069 1192 1099 1255; x_wconf 91' lang='lat' dir='ltr'><strong>in</strong></span> <span class='ocrx_word' id='word_1_88' title='bbox 1128 1191 1287 1256; x_wconf 81' lang='lat' dir='ltr'><strong>adverbiis</strong></span> 
     </span>
     <span class='ocr_line' id='line_1_11' title="bbox 145 1294 1289 1382; baseline 0.002 -23"><span class='ocrx_word' id='word_1_89' title='bbox 145 1294 319 1379; x_wconf 78' lang='lat' dir='ltr'><strong>trisyllabis</strong></span> <span class='ocrx_word' id='word_1_90' title='bbox 336 1305 505 1362; x_wconf 86' lang='lat' dir='ltr'><strong>extremam</strong></span> <span class='ocrx_word' id='word_1_91' title='bbox 520 1297 673 1381; x_wconf 84' lang='lat' dir='ltr'><strong>syllabam</strong></span> <span class='ocrx_word' id='word_1_92' title='bbox 690 1297 829 1381; x_wconf 89' lang='lat' dir='ltr'><strong>pluribus</strong></span> <span class='ocrx_word' id='word_1_93' title='bbox 845 1295 922 1360; x_wconf 90' lang='lat' dir='ltr'><strong>Iocis</strong></span> <span class='ocrx_word' id='word_1_94' title='bbox 938 1297 1119 1382; x_wconf 83' lang='lat' dir='ltr'><strong>corripuisse</strong></span> <span class='ocrx_word' id='word_1_95' title='bbox 1128 1297 1289 1362; x_wconf 87' lang='lat' dir='ltr'><strong>invenitur</strong></span> 
     </span>
     <span class='ocr_line' id='line_1_12' title="bbox 147 1399 1289 1485; baseline 0.004 -24"><span class='ocrx_word' id='word_1_96' title='bbox 147 1399 185 1462; x_wconf 89' lang='lat' dir='ltr'><strong>cf.</strong></span> <span class='ocrx_word' id='word_1_97' title='bbox 202 1399 323 1465; x_wconf 87' lang='lat' dir='ltr'><strong>Kuehn.</strong></span> <span class='ocrx_word' id='word_1_98' title='bbox 341 1401 361 1464; x_wconf 94' lang='lat' dir='ltr'><strong>l.</strong></span> <span class='ocrx_word' id='word_1_99' title='bbox 380 1425 405 1467; x_wconf 91' lang='lat' dir='ltr'><strong>c.</strong></span> <span class='ocrx_word' id='word_1_100' title='bbox 450 1401 529 1465; x_wconf 89' lang='lat' dir='ltr'><strong>Nam</strong></span> <span class='ocrx_word' id='word_1_101' title='bbox 553 1401 585 1465; x_wconf 93' lang='lat' dir='ltr'><strong>in</strong></span> <span class='ocrx_word' id='word_1_102' title='bbox 608 1422 683 1465; x_wconf 92' lang='lat' dir='ltr'><strong>voce</strong></span> <span class='ocrx_word' id='word_1_103' title='bbox 706 1408 812 1464; x_wconf 70' lang='lat' dir='ltr'><strong>temere</strong></span> <span class='ocrx_word' id='word_1_104' title='bbox 834 1420 927 1483; x_wconf 90' lang='lat' dir='ltr'><strong>quam</strong></span> <span class='ocrx_word' id='word_1_105' title='bbox 950 1408 1054 1485; x_wconf 89' lang='lat' dir='ltr'><strong>aperte</strong></span> <span class='ocrx_word' id='word_1_106' title='bbox 1078 1401 1220 1466; x_wconf 90' lang='lat' dir='ltr'><strong>breviant</strong></span> <span class='ocrx_word' id='word_1_107' title='bbox 1235 1423 1289 1465; x_wconf 92' lang='lat' dir='ltr'><strong>ve-</strong></span> 
     </span>
     <span class='ocr_line' id='line_1_13' title="bbox 147 1505 1288 1590; baseline 0.004 -24"><span class='ocrx_word' id='word_1_108' title='bbox 147 1511 226 1568; x_wconf 90' lang='lat' dir='ltr'><strong>teres</strong></span> <span class='ocrx_word' id='word_1_109' title='bbox 248 1512 367 1589; x_wconf 84' lang='lat' dir='ltr'><strong>poetae,</strong></span> <span class='ocrx_word' id='word_1_110' title='bbox 389 1513 494 1570; x_wconf 88' lang='lat' dir='ltr'><strong>utrum</strong></span> <span class='ocrx_word' id='word_1_111' title='bbox 510 1505 655 1590; x_wconf 81' lang='lat' dir='ltr'><strong>dactylici</strong></span> <span class='ocrx_word' id='word_1_112' title='bbox 670 1505 796 1569; x_wconf 89' lang='lat' dir='ltr'><strong>eandem</strong></span> <span class='ocrx_word' id='word_1_113' title='bbox 814 1526 991 1569; x_wconf 90' lang='lat' dir='ltr'><strong>mensuram</strong></span> <span class='ocrx_word' id='word_1_114' title='bbox 1011 1505 1108 1569; x_wconf 89' lang='lat' dir='ltr'><strong>secuti</strong></span> <span class='ocrx_word' id='word_1_115' title='bbox 1122 1505 1187 1569; x_wconf 88' lang='lat' dir='ltr'><strong>sint</strong></span> <span class='ocrx_word' id='word_1_116' title='bbox 1201 1512 1288 1570; x_wconf 90' lang='lat' dir='ltr'><strong>certo</strong></span> 
     </span>
     <span class='ocr_line' id='line_1_14' title="bbox 148 1606 1289 1695; baseline 0.004 -26"><span class='ocrx_word' id='word_1_117' title='bbox 148 1606 269 1670; x_wconf 87' lang='lat' dir='ltr'><strong>definiri</strong></span> <span class='ocrx_word' id='word_1_118' title='bbox 291 1629 352 1672; x_wconf 91' lang='lat' dir='ltr'><strong>non</strong></span> <span class='ocrx_word' id='word_1_119' title='bbox 375 1616 485 1695; x_wconf 84' lang='lat' dir='ltr'><strong>potest,</strong></span> <span class='ocrx_word' id='word_1_120' title='bbox 509 1611 535 1673; x_wconf 91' lang='lat' dir='ltr'><strong>si</strong></span> <span class='ocrx_word' id='word_1_121' title='bbox 551 1610 674 1692; x_wconf 90' lang='lat' dir='ltr'><strong>quidem</strong></span> <span class='ocrx_word' id='word_1_122' title='bbox 692 1610 831 1673; x_wconf 83' lang='lat' dir='ltr'><strong>Catullus</strong></span> <span class='ocrx_word' id='word_1_123' title='bbox 847 1631 914 1672; x_wconf 91' lang='lat' dir='ltr'><strong>cum</strong></span> <span class='ocrx_word' id='word_1_124' title='bbox 931 1608 1059 1690; x_wconf 81' lang='lat' dir='ltr'><strong>reIIquis</strong></span> <span class='ocrx_word' id='word_1_125' title='bbox 1075 1629 1196 1695; x_wconf 85' lang='lat' dir='ltr'><strong>semper</strong></span> <span class='ocrx_word' id='word_1_126' title='bbox 1211 1609 1289 1674; x_wconf 90' lang='lat' dir='ltr'><strong>eliso</strong></span> 
     </span>
     <span class='ocr_line' id='line_1_15' title="bbox 149 1710 502 1779; baseline 0.017 -7"><span class='ocrx_word' id='word_1_127' title='bbox 149 1710 245 1774; x_wconf 88' lang='lat' dir='ltr'><strong>utitur</strong></span> <span class='ocrx_word' id='word_1_128' title='bbox 266 1711 323 1776; x_wconf 91' lang='lat' dir='ltr'><strong>hoc</strong></span> <span class='ocrx_word' id='word_1_129' title='bbox 345 1713 502 1779; x_wconf 87' lang='lat' dir='ltr'><strong>adverbio.</strong></span> 
     </span>
    </p>

    <p class='ocr_par' dir='ltr' id='par_1_3' title="bbox 50 1815 1290 2425">
     <span class='ocr_line' id='line_1_16' title="bbox 234 1815 1290 1902; baseline 0.004 -23"><span class='ocrx_word' id='word_1_130' title='bbox 234 1815 382 1899; x_wconf 88' lang='lat' dir='ltr'><strong>Sequitur</strong></span> <span class='ocrx_word' id='word_1_131' title='bbox 413 1825 448 1882; x_wconf 88' lang='lat' dir='ltr'><strong>ut</strong></span> <span class='ocrx_word' id='word_1_132' title='bbox 481 1819 519 1882; x_wconf 93' lang='lat' dir='ltr'><strong>de</strong></span> <span class='ocrx_word' id='word_1_133' title='bbox 541 1826 555 1882; x_wconf 81' lang='lat' dir='ltr'><strong>i</strong></span> <span class='ocrx_word' id='word_1_134' title='bbox 579 1820 795 1883; x_wconf 81' lang='lat' dir='ltr'><strong>terminatione</strong></span> <span class='ocrx_word' id='word_1_135' title='bbox 826 1840 904 1901; x_wconf 87' lang='lat' dir='ltr'><strong>quae</strong></span> <span class='ocrx_word' id='word_1_136' title='bbox 940 1819 1160 1882; x_wconf 87' lang='lat' dir='ltr'><strong>memoratione</strong></span> <span class='ocrx_word' id='word_1_137' title='bbox 1193 1818 1290 1902; x_wconf 85' lang='lat' dir='ltr'><strong>digua</strong></span> 
     </span>
     <span class='ocr_line' id='line_1_17' title="bbox 147 1921 1290 2008; baseline 0.006 -28"><span class='ocrx_word' id='word_1_138' title='bbox 147 1926 219 1982; x_wconf 88' lang='lat' dir='ltr'><strong>sunt</strong></span> <span class='ocrx_word' id='word_1_139' title='bbox 242 1921 374 1986; x_wconf 89' lang='lat' dir='ltr'><strong>breviter</strong></span> <span class='ocrx_word' id='word_1_140' title='bbox 396 1944 592 2008; x_wconf 86' lang='lat' dir='ltr'><strong>exponamus.</strong></span> <span class='ocrx_word' id='word_1_141' title='bbox 637 1923 684 1988; x_wconf 85' lang='lat' dir='ltr'><strong>Ae</strong></span> <span class='ocrx_word' id='word_1_142' title='bbox 706 1924 841 2008; x_wconf 91' lang='lat' dir='ltr'><strong>primum</strong></span> <span class='ocrx_word' id='word_1_143' title='bbox 865 1922 991 2005; x_wconf 91' lang='lat' dir='ltr'><strong>quidem</strong></span> <span class='ocrx_word' id='word_1_144' title='bbox 1013 1944 1071 1986; x_wconf 91' lang='lat' dir='ltr'><strong>usu</strong></span> <span class='ocrx_word' id='word_1_145' title='bbox 1095 1922 1290 2004; x_wconf 86' lang='lat' dir='ltr'><strong>frequentata</strong></span> 
     </span>
     <span class='ocr_line' id='line_1_18' title="bbox 50 2025 1289 2112; baseline 0.003 -25"><span class='ocrx_word' id='word_1_146' title='bbox 50 2096 54 2104; x_wconf 46' lang='grc'>,</span> <span class='ocrx_word' id='word_1_147' title='bbox 146 2025 202 2088; x_wconf 90' lang='lat' dir='ltr'><strong>illa</strong></span> <span class='ocrx_word' id='word_1_148' title='bbox 234 2031 299 2090; x_wconf 79' lang='lat' dir='ltr'><strong>nisi</strong></span> <span class='ocrx_word' id='word_1_149' title='bbox 323 2034 419 2111; x_wconf 77' lang='lat' dir='ltr'><strong>quusi</strong></span> <span class='ocrx_word' id='word_1_150' title='bbox 445 2032 522 2092; x_wconf 76' lang='lat' dir='ltr'><strong>naabi</strong></span> <span class='ocrx_word' id='word_1_151' title='bbox 546 2031 605 2092; x_wconf 70' lang='lat' dir='ltr'><strong>taor·</strong></span> <span class='ocrx_word' id='word_1_152' title='bbox 636 2029 699 2091; x_wconf 77' lang='lat' dir='ltr'><strong>cibi</strong></span> <span class='ocrx_word' id='word_1_153' title='bbox 725 2030 772 2091; x_wconf 78' lang='lat' dir='ltr'><strong>sbi</strong></span> <span class='ocrx_word' id='word_1_154' title='bbox 796 2029 855 2090; x_wconf 77' lang='lat' dir='ltr'><strong>abi</strong></span> <span class='ocrx_word' id='word_1_155' title='bbox 889 2026 966 2090; x_wconf 92' lang='lat' dir='ltr'><strong>olim</strong></span> <span class='ocrx_word' id='word_1_156' title='bbox 1000 2026 1149 2112; x_wconf 85' lang='lat' dir='ltr'><strong>producta</strong></span> <span class='ocrx_word' id='word_1_157' title='bbox 1176 2025 1289 2091; x_wconf 87' lang='lat' dir='ltr'><strong>ultima</strong></span> 
     </span>
     <span class='ocr_line' id='line_1_19' title="bbox 147 2112 1289 2216; baseline 0.003 -25"><span class='ocrx_word' id='word_1_158' title='bbox 147 2129 282 2194; x_wconf 90' lang='lat' dir='ltr'><strong>valuisse</strong></span> <span class='ocrx_word' id='word_1_159' title='bbox 303 2133 468 2195; x_wconf 84' lang='lat' dir='ltr'><strong>manifesta</strong></span> <span class='ocrx_word' id='word_1_160' title='bbox 490 2133 603 2197; x_wconf 86' lang='lat' dir='ltr'><strong>veteris</strong></span> <span class='ocrx_word' id='word_1_161' title='bbox 624 2153 678 2216; x_wconf 88' lang='lat' dir='ltr'><strong>per</strong></span> <span class='ocrx_word' id='word_1_162' title='bbox 700 2112 731 2196; x_wconf 58' lang='grc' dir='ltr'><strong>ἐπ’</strong></span> <span class='ocrx_word' id='word_1_163' title='bbox 751 2131 920 2216; x_wconf 84' lang='lat' dir='ltr'><strong>scripturae</strong></span> <span class='ocrx_word' id='word_1_164' title='bbox 937 2130 1115 2195; x_wconf 89' lang='lat' dir='ltr'><strong>testimonia</strong></span> <span class='ocrx_word' id='word_1_165' title='bbox 1130 2131 1164 2194; x_wconf 90' lang='lat' dir='ltr'><strong>in</strong></span> <span class='ocrx_word' id='word_1_166' title='bbox 1179 2152 1289 2195; x_wconf 90' lang='lat' dir='ltr'><strong>munu-</strong></span> 
     </span>
     <span class='ocr_line' id='line_1_20' title="bbox 147 2234 1288 2320; baseline 0.001 -23"><span class='ocrx_word' id='word_1_167' title='bbox 147 2235 261 2298; x_wconf 89' lang='lat' dir='ltr'><strong>mentis</strong></span> <span class='ocrx_word' id='word_1_168' title='bbox 284 2236 419 2319; x_wconf 91' lang='lat' dir='ltr'><strong>publicis</strong></span> <span class='ocrx_word' id='word_1_169' title='bbox 442 2236 599 2300; x_wconf 89' lang='lat' dir='ltr'><strong>declarant</strong></span> <span class='ocrx_word' id='word_1_170' title='bbox 621 2236 657 2302; x_wconf 88' lang='lat' dir='ltr'><strong>cs.</strong></span> <span class='ocrx_word' id='word_1_171' title='bbox 685 2235 826 2301; x_wconf 74' lang='lat' dir='ltr'><strong>Gorssen.</strong></span> <span class='ocrx_word' id='word_1_172' title='bbox 842 2235 857 2297; x_wconf 95' lang='lat' dir='ltr'><strong>l</strong></span> <span class='ocrx_word' id='word_1_173' title='bbox 871 2257 901 2320; x_wconf 88' lang='lat' dir='ltr'><strong>p.</strong></span> <span class='ocrx_word' id='word_1_174' title='bbox 919 2235 991 2300; x_wconf 80' lang='lat'><strong>778.</strong></span> <span class='ocrx_word' id='word_1_175' title='bbox 1015 2237 1079 2301; x_wconf 78' lang='lat'><strong>782</strong></span> <span class='ocrx_word' id='word_1_176' title='bbox 1101 2255 1145 2317; x_wconf 87' lang='lat' dir='ltr'><strong>sq.</strong></span> <span class='ocrx_word' id='word_1_177' title='bbox 1160 2234 1288 2298; x_wconf 61' lang='lat' dir='ltr'><strong>lrachm,</strong></span> 
     </span>
     <span class='ocr_line' id='line_1_21' title="bbox 146 2337 1290 2425; baseline 0.001 -24"><span class='ocrx_word' id='word_1_178' title='bbox 146 2337 187 2401; x_wconf 88' lang='lat' dir='ltr'><strong>ad</strong></span> <span class='ocrx_word' id='word_1_179' title='bbox 208 2338 297 2402; x_wconf 90' lang='lat' dir='ltr'><strong>Lucr.</strong></span> <span class='ocrx_word' id='word_1_180' title='bbox 319 2362 351 2425; x_wconf 92' lang='lat' dir='ltr'><strong>p.</strong></span> <span class='ocrx_word' id='word_1_181' title='bbox 374 2342 424 2405; x_wconf 87' lang='lat'><strong>91.</strong></span> <span class='ocrx_word' id='word_1_182' title='bbox 448 2340 578 2406; x_wconf 84' lang='lat' dir='ltr'><strong>RItsohl.</strong></span> <span class='ocrx_word' id='word_1_183' title='bbox 602 2338 692 2404; x_wconf 91' lang='lat' dir='ltr'><strong>Proll.</strong></span> <span class='ocrx_word' id='word_1_184' title='bbox 716 2340 801 2403; x_wconf 85' lang='lat' dir='ltr'><strong>Trm.</strong></span> <span class='ocrx_word' id='word_1_185' title='bbox 824 2361 853 2424; x_wconf 91' lang='lat' dir='ltr'><strong>p.</strong></span> <span class='ocrx_word' id='word_1_186' title='bbox 878 2339 1010 2404; x_wconf 81' lang='lat' dir='ltr'>CLXIX.</span> <span class='ocrx_word' id='word_1_187' title='bbox 1059 2338 1106 2402; x_wconf 82' lang='lat' dir='ltr'><strong>Ex</strong></span> <span class='ocrx_word' id='word_1_188' title='bbox 1131 2338 1182 2402; x_wconf 93' lang='lat' dir='ltr'><strong>his</strong></span> <span class='ocrx_word' id='word_1_189' title='bbox 1212 2338 1290 2402; x_wconf 88' lang='lat' dir='ltr'><strong>duas</strong></span> 
     </span>
    </p>
   </div>
   <div class='ocr_carea' id='block_1_3' title="bbox 147 2441 1287 2529">
    <p class='ocr_par' dir='ltr' id='par_1_4' title="bbox 147 2441 1287 2529">
     <span class='ocr_line' id='line_1_22' title="bbox 147 2441 1287 2529; baseline 0 -23"><span class='ocrx_word' id='word_1_190' title='bbox 147 2441 273 2507; x_wconf 88' lang='lat' dir='ltr'><strong>voculas</strong></span> <span class='ocrx_word' id='word_1_191' title='bbox 295 2444 412 2529; x_wconf 89' lang='lat' dir='ltr'><strong>priores</strong></span> <span class='ocrx_word' id='word_1_192' title='bbox 434 2444 495 2506; x_wconf 86' lang='lat' dir='ltr'><strong>iam</strong></span> <span class='ocrx_word' id='word_1_193' title='bbox 519 2450 590 2508; x_wconf 89' lang='lat' dir='ltr'><strong>ante</strong></span> <span class='ocrx_word' id='word_1_194' title='bbox 606 2442 761 2507; x_wconf 84' lang='lat' dir='ltr'><strong>Catullum</strong></span> <span class='ocrx_word' id='word_1_195' title='bbox 783 2450 889 2528; x_wconf 88' lang='lat' dir='ltr'><strong>poetae</strong></span> <span class='ocrx_word' id='word_1_196' title='bbox 910 2445 1024 2526; x_wconf 91' lang='lat' dir='ltr'><strong>ubique</strong></span> <span class='ocrx_word' id='word_1_197' title='bbox 1040 2442 1185 2508; x_wconf 85' lang='lat' dir='ltr'><strong>dixerunt</strong></span> <span class='ocrx_word' id='word_1_198' title='bbox 1199 2443 1287 2507; x_wconf 87' lang='lat' dir='ltr'><strong>finali</strong></span> 
     </span>
    </p>
   </div>
   <div class='ocr_carea' id='block_1_4' title="bbox 147 2548 1290 4199">
    <p class='ocr_par' dir='ltr' id='par_1_5' title="bbox 147 2548 1290 4199">
     <span class='ocr_line' id='line_1_23' title="bbox 148 2548 1285 2633; baseline 0.002 -23"><span class='ocrx_word' id='word_1_199' title='bbox 148 2554 287 2633; x_wconf 89' lang='lat' dir='ltr'><strong>correpta</strong></span> <span class='ocrx_word' id='word_1_200' title='bbox 318 2568 447 2631; x_wconf 90' lang='lat' dir='ltr'><strong>samque</strong></span> <span class='ocrx_word' id='word_1_201' title='bbox 478 2549 631 2613; x_wconf 82' lang='lat' dir='ltr'><strong>ratIonem</strong></span> <span class='ocrx_word' id='word_1_202' title='bbox 667 2569 773 2612; x_wconf 92' lang='lat' dir='ltr'><strong>omnes</strong></span> <span class='ocrx_word' id='word_1_203' title='bbox 807 2549 951 2633; x_wconf 90' lang='lat' dir='ltr'><strong>deinceps</strong></span> <span class='ocrx_word' id='word_1_204' title='bbox 986 2548 1107 2612; x_wconf 86' lang='lat' dir='ltr'><strong>classici</strong></span> <span class='ocrx_word' id='word_1_205' title='bbox 1141 2569 1285 2612; x_wconf 89' lang='lat' dir='ltr'><strong>versuum</strong></span> 
     </span>
     <span class='ocr_line' id='line_1_24' title="bbox 147 2651 1287 2737; baseline 0.003 -23"><span class='ocrx_word' id='word_1_206' title='bbox 147 2651 281 2716; x_wconf 89' lang='lat' dir='ltr'><strong>artifices</strong></span> <span class='ocrx_word' id='word_1_207' title='bbox 303 2653 499 2717; x_wconf 90' lang='lat' dir='ltr'><strong>retinuerunt</strong></span> <span class='ocrx_word' id='word_1_208' title='bbox 515 2654 563 2730; x_wconf 87' lang='lat' dir='ltr'><strong>(cf.</strong></span> <span class='ocrx_word' id='word_1_209' title='bbox 580 2653 747 2718; x_wconf 85' lang='lat' dir='ltr'><strong>Corssenus</strong></span> <span class='ocrx_word' id='word_1_210' title='bbox 762 2652 793 2716; x_wconf 94' lang='lat' dir='ltr'><strong>Il</strong></span> <span class='ocrx_word' id='word_1_211' title='bbox 810 2674 839 2737; x_wconf 88' lang='lat' dir='ltr'><strong>p.</strong></span> <span class='ocrx_word' id='word_1_212' title='bbox 856 2654 945 2737; x_wconf 76' lang='lat'>477).</span> <span class='ocrx_word' id='word_1_213' title='bbox 977 2654 1100 2717; x_wconf 87' lang='lat' dir='ltr'><strong>Ceteras</strong></span> <span class='ocrx_word' id='word_1_214' title='bbox 1115 2673 1189 2717; x_wconf 93' lang='lat' dir='ltr'><strong>vero</strong></span> <span class='ocrx_word' id='word_1_215' title='bbox 1208 2672 1287 2735; x_wconf 87' lang='lat' dir='ltr'><strong>quas</strong></span> 
     </span>
     <span class='ocr_line' id='line_1_25' title="bbox 147 2757 1287 2843; baseline 0.001 -23"><span class='ocrx_word' id='word_1_216' title='bbox 147 2758 236 2822; x_wconf 91' lang='lat' dir='ltr'><strong>modo</strong></span> <span class='ocrx_word' id='word_1_217' title='bbox 260 2757 444 2842; x_wconf 89' lang='lat' dir='ltr'><strong>protulimus</strong></span> <span class='ocrx_word' id='word_1_218' title='bbox 466 2778 587 2843; x_wconf 91' lang='lat' dir='ltr'><strong>semper</strong></span> <span class='ocrx_word' id='word_1_219' title='bbox 610 2779 679 2822; x_wconf 92' lang='lat' dir='ltr'><strong>cum</strong></span> <span class='ocrx_word' id='word_1_220' title='bbox 702 2758 756 2822; x_wconf 91' lang='lat' dir='ltr'><strong>alii</strong></span> <span class='ocrx_word' id='word_1_221' title='bbox 778 2765 846 2822; x_wconf 89' lang='lat' dir='ltr'><strong>tum</strong></span> <span class='ocrx_word' id='word_1_222' title='bbox 862 2757 1003 2822; x_wconf 82' lang='lat' dir='ltr'><strong>Catullus</strong></span> <span class='ocrx_word' id='word_1_223' title='bbox 1023 2757 1168 2840; x_wconf 83' lang='lat' dir='ltr'><strong>ambigua</strong></span> <span class='ocrx_word' id='word_1_224' title='bbox 1181 2757 1287 2842; x_wconf 87' lang='lat' dir='ltr'><strong>posuit</strong></span> 
     </span>
     <span class='ocr_line' id='line_1_26' title="bbox 148 2861 1287 2947; baseline 0.001 -22"><span class='ocrx_word' id='word_1_225' title='bbox 148 2862 333 2946; x_wconf 88' lang='lat' dir='ltr'><strong>quantitate,</strong></span> <span class='ocrx_word' id='word_1_226' title='bbox 369 2862 423 2925; x_wconf 92' lang='lat' dir='ltr'><strong>sed</strong></span> <span class='ocrx_word' id='word_1_227' title='bbox 456 2863 499 2927; x_wconf 86' lang='lat' dir='ltr'><strong>Ita</strong></span> <span class='ocrx_word' id='word_1_228' title='bbox 527 2871 562 2927; x_wconf 93' lang='lat' dir='ltr'><strong>ut</strong></span> <span class='ocrx_word' id='word_1_229' title='bbox 584 2863 726 2946; x_wconf 88' lang='lat' dir='ltr'><strong>quotiens</strong></span> <span class='ocrx_word' id='word_1_230' title='bbox 749 2861 900 2944; x_wconf 88' lang='lat' dir='ltr'><strong>syllabam</strong></span> <span class='ocrx_word' id='word_1_231' title='bbox 922 2868 1085 2925; x_wconf 83' lang='lat' dir='ltr'><strong>exeuntem</strong></span> <span class='ocrx_word' id='word_1_232' title='bbox 1107 2861 1287 2947; x_wconf 86' lang='lat' dir='ltr'><strong>produceret</strong></span> 
     </span>
     <span class='ocr_line' id='line_1_27' title="bbox 147 2965 1287 3048; baseline -0.001 -17"><span class='ocrx_word' id='word_1_233' title='bbox 147 2966 261 3031; x_wconf 88' lang='lat' dir='ltr'><strong>totiens</strong></span> <span class='ocrx_word' id='word_1_234' title='bbox 284 2966 381 3030; x_wconf 91' lang='lat' dir='ltr'><strong>ictum</strong></span> <span class='ocrx_word' id='word_1_235' title='bbox 396 2988 504 3031; x_wconf 87' lang='lat' dir='ltr'><strong>versus</strong></span> <span class='ocrx_word' id='word_1_236' title='bbox 519 2967 674 3034; x_wconf 88' lang='lat' dir='ltr'><strong>adiiceret.</strong></span> <span class='ocrx_word' id='word_1_237' title='bbox 713 2966 906 3048; x_wconf 84' lang='lat' dir='ltr'><strong>Quamquam</strong></span> <span class='ocrx_word' id='word_1_238' title='bbox 921 2965 1082 3031; x_wconf 85' lang='lat' dir='ltr'><strong>intercedit</strong></span> <span class='ocrx_word' id='word_1_239' title='bbox 1097 2966 1287 3030; x_wconf 86' lang='lat' dir='ltr'><strong>discriminis</strong></span> 
     </span>
     <span class='ocr_line' id='line_1_28' title="bbox 148 3067 1288 3155; baseline -0.001 -20"><span class='ocrx_word' id='word_1_240' title='bbox 148 3071 340 3153; x_wconf 88' lang='lat' dir='ltr'><strong>aliquantum</strong></span> <span class='ocrx_word' id='word_1_241' title='bbox 375 3071 453 3135; x_wconf 88' lang='lat' dir='ltr'><strong>inter</strong></span> <span class='ocrx_word' id='word_1_242' title='bbox 485 3073 613 3155; x_wconf 65' lang='lat' dir='ltr'><strong>abique</strong></span> <span class='ocrx_word' id='word_1_243' title='bbox 643 3078 674 3135; x_wconf 89' lang='lat' dir='ltr'><strong>at</strong></span> <span class='ocrx_word' id='word_1_244' title='bbox 706 3067 834 3155; x_wconf 71' lang='lat' dir='ltr'><strong>abique</strong></span> <span class='ocrx_word' id='word_1_245' title='bbox 862 3070 1083 3152; x_wconf 83' lang='lat' dir='ltr'><strong>significatione</strong></span> <span class='ocrx_word' id='word_1_246' title='bbox 1112 3071 1288 3155; x_wconf 87' lang='lat' dir='ltr'><strong>pariterue</strong></span> 
     </span>
     <span class='ocr_line' id='line_1_29' title="bbox 149 3174 1286 3261; baseline 0 -22"><span class='ocrx_word' id='word_1_247' title='bbox 149 3175 291 3261; x_wconf 89' lang='lat' dir='ltr'><strong>prosodia</strong></span> <span class='ocrx_word' id='word_1_248' title='bbox 312 3176 392 3240; x_wconf 90' lang='lat' dir='ltr'><strong>inter</strong></span> <span class='ocrx_word' id='word_1_249' title='bbox 413 3196 447 3238; x_wconf 85' lang='lat' dir='ltr'><strong>se</strong></span> <span class='ocrx_word' id='word_1_250' title='bbox 470 3176 606 3240; x_wconf 88' lang='lat' dir='ltr'><strong>diversa:</strong></span> <span class='ocrx_word' id='word_1_251' title='bbox 630 3176 713 3239; x_wconf 90' lang='lat' dir='ltr'><strong>illius</strong></span> <span class='ocrx_word' id='word_1_252' title='bbox 737 3175 818 3238; x_wconf 92' lang='lat' dir='ltr'><strong>enim</strong></span> <span class='ocrx_word' id='word_1_253' title='bbox 838 3174 980 3241; x_wconf 89' lang='lat' dir='ltr'><strong>vocabuli</strong></span> <span class='ocrx_word' id='word_1_254' title='bbox 1002 3174 1193 3259; x_wconf 85' lang='lat' dir='ltr'><strong>paenultima</strong></span> <span class='ocrx_word' id='word_1_255' title='bbox 1217 3196 1286 3239; x_wconf 92' lang='lat' dir='ltr'><strong>cum</strong></span> 
     </span>
     <span class='ocr_line' id='line_1_30' title="bbox 149 3278 1288 3365; baseline 0.001 -23"><span class='ocrx_word' id='word_1_256' title='bbox 149 3301 268 3365; x_wconf 87' lang='lat' dir='ltr'><strong>semper</strong></span> <span class='ocrx_word' id='word_1_257' title='bbox 295 3279 386 3364; x_wconf 85' lang='lat' dir='ltr'><strong>longa</strong></span> <span class='ocrx_word' id='word_1_258' title='bbox 412 3280 468 3360; x_wconf 87' lang='lat' dir='ltr'><strong>sit,</strong></span> <span class='ocrx_word' id='word_1_259' title='bbox 497 3281 530 3343; x_wconf 90' lang='lat' dir='ltr'><strong>in</strong></span> <span class='ocrx_word' id='word_1_260' title='bbox 558 3280 615 3344; x_wconf 92' lang='lat' dir='ltr'><strong>hoc</strong></span> <span class='ocrx_word' id='word_1_261' title='bbox 647 3285 752 3364; x_wconf 89' lang='lat' dir='ltr'><strong>utpote</strong></span> <span class='ocrx_word' id='word_1_262' title='bbox 782 3301 820 3344; x_wconf 87' lang='lat' dir='ltr'><strong>ex</strong></span> <span class='ocrx_word' id='word_1_263' title='bbox 842 3281 901 3344; x_wconf 76' lang='lat' dir='ltr'><strong>ubi</strong></span> <span class='ocrx_word' id='word_1_264' title='bbox 920 3287 951 3343; x_wconf 93' lang='lat' dir='ltr'><strong>et</strong></span> <span class='ocrx_word' id='word_1_265' title='bbox 973 3278 1123 3365; x_wconf 89' lang='lat' dir='ltr'><strong>particula</strong></span> <span class='ocrx_word' id='word_1_266' title='bbox 1143 3278 1288 3344; x_wconf 89' lang='lat' dir='ltr'><strong>enclitica</strong></span> 
     </span>
     <span class='ocr_line' id='line_1_31' title="bbox 148 3383 1288 3469; baseline 0.001 -22"><span class='ocrx_word' id='word_1_267' title='bbox 148 3406 209 3467; x_wconf 78' lang='lat' dir='ltr'><strong>quc</strong></span> <span class='ocrx_word' id='word_1_268' title='bbox 231 3384 399 3469; x_wconf 89' lang='lat' dir='ltr'><strong>composito</strong></span> <span class='ocrx_word' id='word_1_269' title='bbox 421 3405 482 3449; x_wconf 92' lang='lat' dir='ltr'><strong>non</strong></span> <span class='ocrx_word' id='word_1_270' title='bbox 504 3384 567 3447; x_wconf 90' lang='lat' dir='ltr'><strong>nisi</strong></span> <span class='ocrx_word' id='word_1_271' title='bbox 590 3390 729 3468; x_wconf 88' lang='lat' dir='ltr'><strong>correpta</strong></span> <span class='ocrx_word' id='word_1_272' title='bbox 751 3389 765 3446; x_wconf 81' lang='lat' dir='ltr'><strong>i</strong></span> <span class='ocrx_word' id='word_1_273' title='bbox 785 3383 901 3447; x_wconf 88' lang='lat' dir='ltr'><strong>vocalis</strong></span> <span class='ocrx_word' id='word_1_274' title='bbox 922 3390 1060 3469; x_wconf 89' lang='lat' dir='ltr'><strong>apparet,</strong></span> <span class='ocrx_word' id='word_1_275' title='bbox 1083 3384 1169 3448; x_wconf 94' lang='lat' dir='ltr'><strong>velut</strong></span> <span class='ocrx_word' id='word_1_276' title='bbox 1190 3384 1288 3448; x_wconf 88' lang='lat' dir='ltr'><strong>semel</strong></span> 
     </span>
     <span class='ocr_line' id='line_1_32' title="bbox 148 3487 1287 3573; baseline -0.001 -20"><span class='ocrx_word' id='word_1_277' title='bbox 148 3490 205 3554; x_wconf 89' lang='lat' dir='ltr'><strong>huc</strong></span> <span class='ocrx_word' id='word_1_278' title='bbox 225 3487 316 3553; x_wconf 93' lang='lat' dir='ltr'><strong>modo</strong></span> <span class='ocrx_word' id='word_1_279' title='bbox 340 3488 478 3552; x_wconf 80' lang='lat' dir='ltr'><strong>Catullus</strong></span> <span class='ocrx_word' id='word_1_280' title='bbox 501 3488 627 3573; x_wconf 89' lang='lat' dir='ltr'><strong>scripsit</strong></span> <span class='ocrx_word' id='word_1_281' title='bbox 649 3489 682 3551; x_wconf 90' lang='lat' dir='ltr'><strong>in</strong></span> <span class='ocrx_word' id='word_1_282' title='bbox 702 3487 867 3572; x_wconf 84' lang='lat' dir='ltr'><strong>galliambo</strong></span> <span class='ocrx_word' id='word_1_283' title='bbox 883 3487 992 3568; x_wconf 82' lang='lat' dir='ltr'>LXIII,</span> <span class='ocrx_word' id='word_1_284' title='bbox 1016 3490 1072 3552; x_wconf 78' lang='lat'><strong>46:</strong></span> <span class='ocrx_word' id='word_1_285' title='bbox 1097 3487 1287 3571; x_wconf 88' lang='lat' dir='ltr'><strong>‚liquidaque</strong></span> 
     </span>
     <span class='ocr_line' id='line_1_33' title="bbox 149 3591 1288 3676; baseline -0.001 -19"><span class='ocrx_word' id='word_1_286' title='bbox 149 3600 251 3657; x_wconf 90' lang='lat' dir='ltr'><strong>mente</strong></span> <span class='ocrx_word' id='word_1_287' title='bbox 274 3592 354 3658; x_wconf 92' lang='lat' dir='ltr'><strong>vidit</strong></span> <span class='ocrx_word' id='word_1_288' title='bbox 376 3593 442 3656; x_wconf 89' lang='lat' dir='ltr'><strong>sine</strong></span> <span class='ocrx_word' id='word_1_289' title='bbox 464 3593 553 3676; x_wconf 88' lang='lat' dir='ltr'><strong>queis</strong></span> <span class='ocrx_word' id='word_1_290' title='bbox 576 3592 692 3675; x_wconf 91' lang='lat' dir='ltr'><strong>ubique</strong></span> <span class='ocrx_word' id='word_1_291' title='bbox 714 3591 810 3657; x_wconf 86' lang='lat' dir='ltr'><strong>Iuret‘.</strong></span> <span class='ocrx_word' id='word_1_292' title='bbox 826 3631 869 3639; x_wconf 95' lang='lat'><strong>—</strong></span> <span class='ocrx_word' id='word_1_293' title='bbox 884 3593 920 3656; x_wconf 93' lang='lat' dir='ltr'><strong>ln</strong></span> <span class='ocrx_word' id='word_1_294' title='bbox 936 3592 1054 3656; x_wconf 90' lang='lat' dir='ltr'><strong>Latinis</strong></span> <span class='ocrx_word' id='word_1_295' title='bbox 1077 3592 1169 3675; x_wconf 84' lang='lat' dir='ltr'><strong>igitur</strong></span> <span class='ocrx_word' id='word_1_296' title='bbox 1188 3593 1288 3656; x_wconf 93' lang='lat' dir='ltr'><strong>nomi·</strong></span> 
     </span>
     <span class='ocr_line' id='line_1_34' title="bbox 149 3695 1287 3781; baseline -0.002 -20"><span class='ocrx_word' id='word_1_297' title='bbox 149 3698 242 3762; x_wconf 90' lang='lat' dir='ltr'><strong>nibus</strong></span> <span class='ocrx_word' id='word_1_298' title='bbox 265 3697 320 3781; x_wconf 91' lang='lat' dir='ltr'><strong>qui</strong></span> <span class='ocrx_word' id='word_1_299' title='bbox 341 3696 420 3760; x_wconf 88' lang='lat' dir='ltr'><strong>nihil</strong></span> <span class='ocrx_word' id='word_1_300' title='bbox 444 3705 549 3762; x_wconf 90' lang='lat' dir='ltr'><strong>contra</strong></span> <span class='ocrx_word' id='word_1_301' title='bbox 570 3696 702 3760; x_wconf 85' lang='lat' dir='ltr'><strong>aliorum</strong></span> <span class='ocrx_word' id='word_1_302' title='bbox 724 3696 976 3761; x_wconf 88' lang='lat' dir='ltr'><strong>consuetudinem</strong></span> <span class='ocrx_word' id='word_1_303' title='bbox 992 3695 1094 3760; x_wconf 89' lang='lat' dir='ltr'><strong>dicere</strong></span> <span class='ocrx_word' id='word_1_304' title='bbox 1104 3698 1206 3759; x_wconf 88' lang='lat' dir='ltr'><strong>&#39;ausus</strong></span> <span class='ocrx_word' id='word_1_305' title='bbox 1230 3704 1287 3775; x_wconf 75' lang='lat' dir='ltr'><strong>est,</strong></span> 
     </span>
     <span class='ocr_line' id='line_1_35' title="bbox 148 3800 1288 3881; baseline 0 -16"><span class='ocrx_word' id='word_1_306' title='bbox 148 3802 231 3866; x_wconf 90' lang='lat' dir='ltr'><strong>idem</strong></span> <span class='ocrx_word' id='word_1_307' title='bbox 247 3802 280 3866; x_wconf 91' lang='lat' dir='ltr'><strong>in</strong></span> <span class='ocrx_word' id='word_1_308' title='bbox 297 3801 418 3867; x_wconf 83' lang='lat' dir='ltr'><strong>Graecis</strong></span> <span class='ocrx_word' id='word_1_309' title='bbox 434 3801 595 3868; x_wconf 89' lang='lat' dir='ltr'><strong>vocabulis</strong></span> <span class='ocrx_word' id='word_1_310' title='bbox 614 3802 725 3866; x_wconf 86' lang='lat' dir='ltr'><strong>tertiae</strong></span> <span class='ocrx_word' id='word_1_311' title='bbox 741 3800 940 3865; x_wconf 89' lang='lat' dir='ltr'><strong>declinationi</strong></span> <span class='ocrx_word' id='word_1_312' title='bbox 954 3800 1079 3866; x_wconf 87' lang='lat' dir='ltr'><strong>tributis</strong></span> <span class='ocrx_word' id='word_1_313' title='bbox 1097 3800 1288 3881; x_wconf 81' lang='lat' dir='ltr'><strong>singularem</strong></span> 
     </span>
     <span class='ocr_line' id='line_1_36' title="bbox 149 3905 1290 3988; baseline 0 -19"><span class='ocrx_word' id='word_1_314' title='bbox 149 3905 303 3988; x_wconf 86' lang='lat' dir='ltr'><strong>quandam</strong></span> <span class='ocrx_word' id='word_1_315' title='bbox 331 3906 480 3971; x_wconf 90' lang='lat' dir='ltr'><strong>rationem</strong></span> <span class='ocrx_word' id='word_1_316' title='bbox 509 3906 598 3988; x_wconf 92' lang='lat' dir='ltr'><strong>sequi</strong></span> <span class='ocrx_word' id='word_1_317' title='bbox 626 3905 740 3982; x_wconf 80' lang='lat' dir='ltr'><strong>voluit,</strong></span> <span class='ocrx_word' id='word_1_318' title='bbox 769 3927 837 3969; x_wconf 91' lang='lat' dir='ltr'><strong>cum</strong></span> <span class='ocrx_word' id='word_1_319' title='bbox 864 3905 986 3969; x_wconf 87' lang='lat' dir='ltr'><strong>dativus</strong></span> <span class='ocrx_word' id='word_1_320' title='bbox 1017 3926 1124 3968; x_wconf 90' lang='lat' dir='ltr'><strong>eorum</strong></span> <span class='ocrx_word' id='word_1_321' title='bbox 1146 3926 1212 3969; x_wconf 89' lang='lat' dir='ltr'><strong>raro</strong></span> <span class='ocrx_word' id='word_1_322' title='bbox 1236 3905 1290 3969; x_wconf 88' lang='lat' dir='ltr'><strong>ad·</strong></span> 
     </span>
     <span class='ocr_line' id='line_1_37' title="bbox 149 4009 1288 4097; baseline -0.003 -22"><span class='ocrx_word' id='word_1_323' title='bbox 149 4010 275 4075; x_wconf 91' lang='lat' dir='ltr'><strong>modum</strong></span> <span class='ocrx_word' id='word_1_324' title='bbox 307 4011 339 4073; x_wconf 92' lang='lat' dir='ltr'><strong>in</strong></span> <span class='ocrx_word' id='word_1_325' title='bbox 370 4011 456 4097; x_wconf 86' lang='lat' dir='ltr'><strong>poesi</strong></span> <span class='ocrx_word' id='word_1_326' title='bbox 488 4011 599 4075; x_wconf 77' lang='lat' dir='ltr'><strong>latina</strong></span> <span class='ocrx_word' id='word_1_327' title='bbox 628 4010 778 4073; x_wconf 87' lang='lat' dir='ltr'><strong>admissos</strong></span> <span class='ocrx_word' id='word_1_328' title='bbox 802 4009 885 4073; x_wconf 89' lang='lat' dir='ltr'><strong>binis</strong></span> <span class='ocrx_word' id='word_1_329' title='bbox 919 4009 973 4075; x_wconf 91' lang='lat' dir='ltr'><strong>ubi</strong></span> <span class='ocrx_word' id='word_1_330' title='bbox 1004 4010 1171 4094; x_wconf 89' lang='lat' dir='ltr'><strong>assumpsit</strong></span> <span class='ocrx_word' id='word_1_331' title='bbox 1200 4009 1288 4091; x_wconf 83' lang='lat' dir='ltr'><strong>Iocis,</strong></span> 
     </span>
     <span class='ocr_line' id='line_1_38' title="bbox 151 4113 1290 4199; baseline -0.001 -21"><span class='ocrx_word' id='word_1_332' title='bbox 151 4114 331 4180; x_wconf 79' lang='lat' dir='ltr'><strong>Graecaniee</strong></span> <span class='ocrx_word' id='word_1_333' title='bbox 360 4137 421 4180; x_wconf 91' lang='lat' dir='ltr'><strong>non</strong></span> <span class='ocrx_word' id='word_1_334' title='bbox 453 4115 554 4178; x_wconf 89' lang='lat' dir='ltr'><strong>solum</strong></span> <span class='ocrx_word' id='word_1_335' title='bbox 574 4116 707 4178; x_wconf 90' lang='lat' dir='ltr'><strong>flecteret</strong></span> <span class='ocrx_word' id='word_1_336' title='bbox 730 4114 785 4179; x_wconf 93' lang='lat' dir='ltr'><strong>sed</strong></span> <span class='ocrx_word' id='word_1_337' title='bbox 807 4114 901 4179; x_wconf 89' lang='lat' dir='ltr'><strong>etiam</strong></span> <span class='ocrx_word' id='word_1_338' title='bbox 925 4114 1095 4198; x_wconf 89' lang='lat' dir='ltr'><strong>corriperet.</strong></span> <span class='ocrx_word' id='word_1_339' title='bbox 1139 4113 1290 4199; x_wconf 83' lang='lat' dir='ltr'><strong>Exempla</strong></span> 
     </span>
    </p>
   </div>
   <div class='ocr_carea' id='block_1_5' title="bbox 150 4217 1289 4411">
    <p class='ocr_par' dir='ltr' id='par_1_6' title="bbox 150 4217 1289 4411">
     <span class='ocr_line' id='line_1_39' title="bbox 150 4217 1289 4297; baseline -0.002 -13"><span class='ocrx_word' id='word_1_340' title='bbox 150 4221 235 4284; x_wconf 90' lang='lat' dir='ltr'><strong>enim</strong></span> <span class='ocrx_word' id='word_1_341' title='bbox 255 4220 426 4285; x_wconf 90' lang='lat' dir='ltr'><strong>consideres</strong></span> <span class='ocrx_word' id='word_1_342' title='bbox 441 4219 533 4283; x_wconf 82' lang='lat' dir='ltr'><strong>veliin</strong></span> <span class='ocrx_word' id='word_1_343' title='bbox 551 4220 640 4283; x_wconf 90' lang='lat' dir='ltr'><strong>haec:</strong></span> <span class='ocrx_word' id='word_1_344' title='bbox 673 4221 811 4283; x_wconf 73' lang='lat' dir='ltr'><strong>Minoidi</strong></span> <span class='ocrx_word' id='word_1_345' title='bbox 826 4217 951 4297; x_wconf 85' lang='lat' dir='ltr'>LXIIII,</span> <span class='ocrx_word' id='word_1_346' title='bbox 973 4220 1052 4285; x_wconf 80' lang='lat'>247:</span> <span class='ocrx_word' id='word_1_347' title='bbox 1077 4226 1185 4296; x_wconf 87' lang='lat' dir='ltr'><strong>‚morte</strong></span> <span class='ocrx_word' id='word_1_348' title='bbox 1201 4218 1289 4282; x_wconf 83' lang='lat' dir='ltr'><strong>ferox</strong></span> 
     </span>
     <span class='ocr_line' id='line_1_40' title="bbox 151 4320 1288 4411; baseline -0.004 -20"><span class='ocrx_word' id='word_1_349' title='bbox 151 4325 289 4391; x_wconf 86' lang='lat' dir='ltr'><strong>Theseus</strong></span> <span class='ocrx_word' id='word_1_350' title='bbox 321 4327 443 4411; x_wconf 90' lang='lat' dir='ltr'><strong>qualem</strong></span> <span class='ocrx_word' id='word_1_351' title='bbox 475 4323 604 4388; x_wconf 88' lang='lat' dir='ltr'><strong>Minoidi</strong></span> <span class='ocrx_word' id='word_1_352' title='bbox 638 4324 764 4388; x_wconf 79' lang='lat' dir='ltr'><strong>Iuetum‘</strong></span> <span class='ocrx_word' id='word_1_353' title='bbox 799 4330 829 4386; x_wconf 89' lang='lat' dir='ltr'><strong>et</strong></span> <span class='ocrx_word' id='word_1_354' title='bbox 863 4324 970 4404; x_wconf 74' lang='lat' dir='ltr'><strong>Tethyi</strong></span> <span class='ocrx_word' id='word_1_355' title='bbox 995 4320 1101 4401; x_wconf 80' lang='lat' dir='ltr'>LXVI,</span> <span class='ocrx_word' id='word_1_356' title='bbox 1125 4324 1184 4386; x_wconf 79' lang='lat'><strong>70:</strong></span> <span class='ocrx_word' id='word_1_357' title='bbox 1223 4322 1288 4400; x_wconf 84' lang='lat' dir='ltr'><strong>‚lux</strong></span> 
     </span>
    </p>
   </div>
   <div class='ocr_carea' id='block_1_6' title="bbox 0 0 1445 4852">
    <p class='ocr_par' dir='ltr' id='par_1_7' title="bbox 0 0 1445 4852">
     <span class='ocr_line' id='line_1_41' title="bbox 0 0 1445 4852; baseline 0 0"><span class='ocrx_word' id='word_1_358' title='bbox 0 0 1445 4852; x_wconf 95' lang='lat' dir='ltr'><strong> </strong></span> 
     </span>
    </p>
   </div>
  </div>
 </body>
</html>
