2872 4852
657 268 699 338 33

572 360 777 371 -—--.-

104 460 352 548 simplicissime,
382 461 452 525 vide
486 482 599 545 quaeso
631 463 712 528 unde
740 464 879 528 codicum
907 462 995 528 lectio
1013 464 1125 548 procul
1149 463 1243 529 dubio

105 574 216 631 exorta
229 567 277 633 sit.
299 566 454 635 Librarius
471 566 627 653 archetypi
643 568 724 650 quod
736 590 771 630 er
783 567 922 652 exemplo
935 567 1046 632 litteris
1059 569 1245 653 capitalibus

106 672 279 757 conscripto
313 671 387 736 olim
420 672 547 735 ductum
577 674 673 736 fuisse
707 673 782 735 satis
816 671 985 756 probabilis
1014 680 1061 737 est
1091 675 1245 738 sententia

107 774 259 839 Schwabii
283 776 376 860 prael.
401 775 473 839 edit.
497 799 528 861 p.
551 776 701 855 XXVIII,
736 777 817 840 hunc
849 797 980 840 errorem
1011 777 1178 855 commisit,
1211 784 1245 842 ut

106 881 136 943 in
159 879 376 943 EXPERIRIS
399 880 481 962 quod
504 887 573 943 ente
604 881 709 945 oculos
733 881 849 957 habuit,
874 880 992 943 litteras
1015 881 1042 943 ll
1064 888 1094 945 et
1116 881 1141 944 B
1164 883 1244 946 inter

102 1005 137 1047 se
164 983 363 1049 confunderet
385 994 415 1048 et
436 988 590 1066 cuperetis
613 985 730 1049 calamo
753 992 907 1064 exararet,
936 984 968 1047 id
991 985 1071 1066 quod
1094 985 1142 1049 vel
1167 986 1243 1050 inte·

100 1110 192 1173 gnrm
227 1088 279 1153 vel
316 1088 421 1174 paullo
465 1095 617 1153 mutatum
663 1091 695 1153 io
741 1092 908 1172 erpera'dae
944 1097 1057 1153 ceteras
1098 1089 1243 1176 deinceps

101 1193 298 1257 membranas
332 1194 501 1278 occupavit.
562 1194 648 1272 Quod
681 1216 750 1257 cum
781 1194 825 1256 ita
855 1193 910 1270 sit,
951 1193 1075 1275 vulgata
1112 1194 1243 1258 lectione

104 1302 258 1379 oupertus
279 1297 357 1361 nihil
384 1298 486 1361 verius
509 1298 673 1382 aptiusque
695 1298 752 1362 hoc
775 1297 840 1362 loco
864 1298 988 1379 eogitari
1011 1305 1120 1383 potest.

188 1404 218 1469 5.
242 1401 346 1485 Pergit
368 1403 535 1487 disputatio
558 1402 596 1465 ad
620 1402 895 1487 reduplicationem
918 1398 1045 1487 perlecti
1067 1403 1241 1485 antiquitus

100 1506 202 1573 multo
225 1507 416 1589 frequentius
439 1528 531 1589 quam
553 1517 660 1592 postca
680 1506 858 1572 adhibitam.
890 1507 997 1570 Justse
1013 1527 1048 1569 ec
1064 1508 1243 1593 primitivae

82 1611 357 1697 ¹reduplicationis
389 1611 463 1675 haec
485 1611 534 1675 vis
557 1617 617 1689 est,
651 1618 686 1674 ut
709 1611 815 1696 stirpis
838 1611 954 1675 vocalis
978 1611 1108 1674 eundem
1132 1632 1243 1675 sonum

99 1716 242 1783 retineat.
286 1715 391 1779 Nihilo
423 1723 524 1778 tamen
560 1715 658 1778 socius
686 1715 838 1781 vocabula
868 1736 929 1779 non
952 1715 1040 1778 nulla
1061 1723 1187 1795 restant,
1210 1717 1242 1778 in

102 1819 218 1901 quibus
246 1829 366 1884 veteres
396 1841 482 1883 more
507 1819 690 1883 Graecorum
713 1819 851 1883 vocalem
873 1819 1082 1903 reduplicatae
1105 1818 1243 1902 syllabae

103 1923 270 2007 aliquando
292 1924 325 1987 in
347 1947 363 1987 c
385 1925 542 1989 verterint.
581 1924 639 1986 His
663 1923 926 1987 adnumerandum
951 1922 1102 2007 estquod
1124 1930 1244 2008 praeter

103 2026 167 2089 alia
199 2027 319 2092 Gellius
349 2028 374 2090 V
376 2029 399 2107 l,
433 2030 452 2091 9
485 2036 702 2092 commemorat
735 2027 901 2112 perfeetum
936 2030 1029 2091 Ltalz'
1058 2028 1153 2091 semel
1184 2029 1242 2091 Lu-

103 2130 199 2195 cretio
212 2131 268 2211 Vl,
283 2134 356 2211 672,
373 2133 473 2198 tribus
485 2132 560 2197 locis
571 2131 690 2196 Catullo
702 2131 826 2215 quidem
838 2131 1000 2214 probatum
1012 2131 1048 2194 ol.
1061 2131 1173 2211 LXIII,
1184 2133 1241 2196 47:

100 2236 207 2300 animo
238 2242 396 2300 aestuante
430 2257 536 2300 rusum
573 2236 706 2301 reditum
739 2235 779 2299 ad
813 2235 893 2298 vada
926 2237 1037 2299 tetulit.
1075 2235 1152 2300 ibid.
1184 2238 1241 2302 52:

102 2376 145 2407 —‚
165 2340 206 2403 sd
236 2340 311 2404 ldae
345 2343 437 2405 letali
465 2362 589 2405 nemora
622 2340 742 2427 pedem.
771 2340 887 2419 LXVI,
915 2341 970 2406 35:
993 2377 1033 2386 -
1057 2339 1085 2402 si
1107 2340 1242 2404 reditum

102 2446 264 2509 tctale'sset.
296 2444 342 2509 De
364 2467 397 2508 re
417 2445 486 2530 ipsa
507 2445 574 2528 lege
591 2465 670 2527 quae
691 2445 882 2530 seripserunt
897 2444 1065 2508 Gorssenus
1082 2444 1114 2507 ll
1130 2467 1160 2529 p.
1178 2445 1241 2510 249

100 2556 131 2611 et
152 2548 187 2614 L.
203 2549 370 2613 Muellerus
394 2549 432 2612 de
454 2571 486 2612 re
508 2559 598 2613 metr.
615 2572 645 2635 p.
661 2551 735 2617 403.
768 2551 948 2614 Ceterorum
971 2549 1113 2633 exempla
1128 2549 1242 2613 similia

99 2652 234 2717 contulit
254 2652 339 2717 Neue
362 2654 390 2716 ll
415 2676 445 2739 p.
469 2657 543 2722 357.
566 2693 607 2702 -
631 2655 792 2719 Praeterea
807 2677 843 2717 ex
860 2675 894 2718 eo
911 2652 994 2735 quod
1019 2652 1138 2715 Gellius
1162 2653 1182 2716 l.
1200 2674 1239 2733 11,

100 2756 244 2821 lliomed.
261 2758 407 2843 ipsse,
431 2758 547 2823 Charis,
564 2758 611 2821 Ill
632 2780 662 2843 p,
679 2761 754 2833 218,
778 2758 928 2821 Priscian.
950 2758 978 2819 X
994 2778 1023 2840 p.
1042 2756 1104 2819 896
1127 2758 1240 2821 formas

74 2862 166 2925 ¹tali
201 2867 232 2926 et
268 2864 360 2926 tetuli
389 2883 408 2925 a
441 2865 513 2925 tollo
552 2861 699 2939 dirivant,
738 2861 982 2926 concludendum
1012 2860 1089 2923 mihi
1122 2860 1242 2925 videtur

101 2965 259 3049 praeteriti
289 2966 438 3051 temporis
468 2967 599 3030 formam
629 2969 751 3031 castali
776 2968 888 3030 rectius
915 2988 933 3029 a
960 2968 1090 3030 sustollo
1120 2965 1240 3045 deduci,

101 3058 137 3133 ut
156 3070 205 3134 bis
227 3069 310 3155 apud
333 3070 491 3133 Catullum
511 3070 624 3153 legitur
646 3070 772 3149 LXllIl,
795 3073 873 3137 21οε
912 3070 1024 3150 ,dulcia
1044 3091 1101 3134 nee
1123 3078 1240 3134 maesto

99 3176 266 3238 abstollens
303 3175 391 3258 signa
427 3175 561 3260 parenti‘
600 3183 631 3238 et
667 3174 741 3240 ibid.
772 3179 851 3242 235:
891 3175 1095 3257 ,candidaque
1132 3175 1240 3239 intorti

99 3280 266 3341 sustollant
287 3278 359 3343 vela
381 3278 545 3344 rudentes‘.

187 3384 216 3449 6.
239 3383 277 3446 In
298 3384 482 3468 imperativo
506 3383 638 3466 denique
660 3383 768 3447 tertiae
789 3403 866 3466 quae
883 3383 995 3446 dicitur
1012 3383 1237 3467 coniugationis

96 3486 173 3551 item
187 3488 304 3551 lactum
320 3494 377 3565 est,
400 3494 437 3551 ut
452 3494 594 3569 quattuor
608 3487 664 3550 illa
678 3488 775 3552 verba
797 3490 894 3550 dicere
910 3490 1017 3550 docere
1029 3487 1135 3565 facere
1150 3489 1239 3568 ferre

98 3610 179 3673 quae
202 3591 237 3654 in
259 3612 401 3656 sermone
421 3591 632 3676 proximorum
655 3600 830 3677 temporum
850 3591 973 3654 finalem
988 3613 1004 3653 e
1017 3590 1153 3655 litteram
1170 3612 1238 3655 con-

98 3701 218 3759 stanter
234 3696 420 3776 abieoeruut,
438 3695 521 3779 apud
538 3695 704 3781 scriptores
720 3703 839 3759 veteres
851 3695 1011 3779 pinguiore
1027 3696 1122 3759 etiam
1136 3697 1238 3759 termi-

97 3798 221 3862 natione
237 3799 413 3863 fruerentur
429 3799 515 3864 cuius
537 3800 583 3864 rei
603 3799 783 3864 documento
809 3808 855 3863 est
871 3799 1083 3883 exemplorum
1100 3799 1237 3864 collectio

97 3901 229 3968 eNevio
246 3903 278 3965 ll
294 3925 324 3989 p.
342 3903 404 3969 336
421 3924 467 3985 sq.
489 3911 628 3968 accurate
658 3904 745 3970 lacta.
783 3904 890 3967 Talem
910 3904 1085 3988 Imperatiui
1108 3906 1238 3968 sormam

98 4006 238 4070 Catullus
262 4007 296 4070 in
318 4029 378 4072 uno
402 4031 440 4072 ex
463 4009 589 4072 illorum
611 4029 739 4071 numero
763 4011 855 4073 verbo
878 4019 959 4074 certe
975 4009 1145 4094 assumpsit
1168 4031 1238 4073 eum

90 4110 164 4189 face
193 4112 299 4198 posuit
320 4112 463 4192 XXXVI,
495 4116 550 4177 16:
588 4119 748 4196 acceptum
772 4112 845 4190 foce
874 4113 1087 4196 redditumque
1120 4119 1235 4179 votum.

99 4214 136 4278 ld
158 4217 213 4298 qui
241 4225 323 4281 recte
345 4217 530 4302 perceperit,
564 4238 626 4307 non
650 4216 806 4282 dubitabit
826 4217 901 4299 quin
924 4218 1031 4281 eadem
1050 4217 1166 4282 ratione
1188 4216 1238 4279 vel

97 4328 169 4385 ante
190 4322 328 4386 vocalem
352 4329 443 4406 poeta
457 4321 569 4385 disent
583 4320 696 4398 LXIII,
721 4321 779 4387 78:
795 4321 868 4399 foce
883 4329 919 4386 ut
933 4322 1015 4385 huuc
1030 4322 1115 4385 furor
1130 4321 1236 4403 agitet.

96 4424 171 4493 ibid.
190 4426 247 4491 79:
263 4426 336 4505 fuce
360 4426 404 4490 uti
440 4424 544 4488 uroris
566 4426 628 4489 ictu
645 4432 699 4492 etc.
722 4446 821 4507 neque
844 4425 933 4489 aliter
955 4427 1011 4492 82:
1036 4426 1109 4501 ,fisce
1131 4431 1238 4487 cuncta

1070 4534 1093 4587 'b
