2872 4852
703 285 741 347 21

154 477 267 558 quibus
291 476 426 562 plerique
449 474 568 539 Catulli
592 474 774 558 interpretes
797 476 979 540 recentiores
1001 477 1183 562 adstipulati
1208 485 1294 557 sunt3

155 583 213 645 heo
237 580 303 646 leco
327 582 456 644 sormam
473 581 584 661 pelope
605 577 694 642 unice
723 600 824 642 veram
850 588 958 664 poetae
980 581 1201 646 restituendam
1226 605 1294 647 esse

154 687 286 750 credam.
310 687 403 750 Plane
421 685 530 748 eodem
546 681 665 746 seilicet
680 683 769 746 modo
786 684 944 747 lucretius
960 685 1054 748 etiam
1065 687 1189 772 scripsit
1202 688 1238 767 V,
1251 688 1292 750 35

155 792 321 877 pelagoque
351 810 459 854 severa
486 794 517 849 et
537 784 598 864 Vl,
628 787 690 849 619
720 795 752 850 at
781 789 887 872 pelage
909 789 1009 851 multa
1032 798 1087 854 eto.
1109 830 1152 838 —-
1176 790 1293 856 Deinde

157 897 188 959 in
224 895 328 960 verbis
366 892 463 979 patrii
500 890 665 968 sermonis,
711 912 789 973 quae
828 895 935 956 tertiae
973 892 1188 960 declinationis
1221 904 1293 959 sunt

154 997 468 1064 animadvertendum
490 1000 537 1058 est
552 993 706 1058 Catullum
731 996 777 1057 bis
793 997 966 1079 antiquiore
983 999 1166 1063 nominativi
1182 1002 1292 1064 suffixo

154 1112 182 1168 r'e
204 1103 373 1189 protulisse
389 1101 472 1186 paris
487 1098 584 1176 LVII,
607 1101 628 1164 3
649 1098 710 1161 nisi
734 1100 811 1164 forto
834 1109 869 1165 ut
892 1102 1026 1167 editores
1050 1103 1192 1167 videntur
1215 1106 1292 1169 iudi-

155 1231 233 1288 care,
264 1205 461 1272 statuendum
497 1209 543 1268 est
579 1202 753 1267 ilitteram
787 1226 824 1268 ex
864 1208 1001 1290 sequenti
1040 1229 1114 1272 voce
1146 1215 1293 1293 aurisque

154 1313 352 1376 librariorum
378 1308 571 1393 neglegentia
601 1308 776 1392 irrepsiss03
805 1318 911 1374 eontra
936 1312 1052 1375 nullam
1078 1312 1172 1376 habet
1194 1314 1293 1398 suspi-

153 1418 270 1480 cionem
294 1413 462 1497 linquentis
480 1412 609 1491 LXllll,
626 1412 688 1476 276
712 1413 750 1476 ef.
775 1413 867 1476 etiarn
885 1415 1006 1479 Lachur.
1025 1416 1063 1478 ad
1081 1417 1168 1480 liucr.
1193 1440 1222 1502 p.
1240 1418 1291 1481 56.

153 1524 294 1585 Ceterum
309 1520 384 1583 haee
398 1516 573 1582 terminatio
586 1538 603 1580 e
618 1517 751 1600 genuina
766 1525 810 1581 eis
826 1528 892 1582 orta
908 1525 938 1582 et
951 1542 1006 1604 per
1022 1521 1167 1604 temporis
1184 1521 1291 1584 decur-

151 1648 219 1690 sum
232 1625 264 1688 in
280 1648 309 1687 es
319 1627 439 1687 mutata
449 1620 550 1685 denuo
566 1627 596 1685 et
607 1621 706 1685 multo
720 1621 846 1705 quidem
857 1625 1047 1706 frequentius
1060 1626 1148 1689 nobis
1161 1627 1293 1690 occurrit

150 1731 182 1793 in
197 1728 371 1794 accusativo
385 1747 445 1810 quo
459 1726 525 1791 loeo
541 1725 681 1810 pluribus
694 1726 776 1789 eade
790 1749 820 1789 re
831 1727 1068 1814 disputabimus,
1095 1729 1158 1793 lam
1173 1731 1243 1794 lriue
1253 1730 1292 1793 ad

238 1836 268 1899 6.
292 1830 477 1896 Genetivum
499 1830 633 1915 pluralis
656 1836 690 1894 ut
713 1832 884 1909 veniamus,
908 1832 988 1896 inter
1012 1854 1119 1897 omnes
1139 1857 1193 1920 pro
1209 1845 1292 1900 certo

152 1946 199 2000 est
231 1937 314 2000 huno
344 1956 447 1999 casum
471 1934 634 1998 nominum
662 1956 767 1998 eorum
794 1956 963 2018 quaecum
989 1939 1152 2022 bispllabis
1175 1943 1240 2002 colu
1262 1948 1293 2003 et

150 2063 227 2123 penu
250 2046 324 2104 sunt
345 2040 530 2125 composita,
554 2039 586 2102 in
609 2061 663 2103 unc
686 2049 873 2104 contractum
897 2063 915 2104 a
939 2044 1036 2126 poetis
1056 2043 1171 2107 Latinis
1194 2050 1291 2106 metro

155 2144 278 2209 concedi
302 2165 401 2228 neque
424 2144 576 2229 discrepat
598 2165 617 2207 a
638 2144 794 2207 communi
819 2166 876 2207 usu
900 2147 1057 2224 Catullus,
1092 2147 1175 2232 apud
1202 2168 1290 2230 quern

155 2272 194 2314 ex
216 2251 274 2314 hoc
295 2269 405 2332 genere
428 2249 574 2330 leguntur
596 2247 804 2330 Troiugenum
818 2249 885 2312 LXl
892 2250 948 2327 111,
974 2251 1036 2314 355
1059 2259 1091 2313 et
1112 2251 1290 2314 caelicolum

153 2353 320 2431 varssb,
361 2353 427 2417 138.
466 2362 498 2417 at
529 2353 686 2437 singulare
723 2353 876 2438 quoddam
915 2355 1091 2440 exemplum
1129 2362 1176 2420 est
1212 2377 1293 2439 cym-

153 2458 256 2522 balum
278 2458 394 2536 LXIII,
418 2461 469 2525 21.
507 2458 671 2523 Praeterea
693 2457 817 2522 omissis
841 2459 885 2522 eis
909 2460 1037 2523 vecibus
1060 2481 1188 2543 quarum
1204 2482 1292 2544 gene·

151 2562 236 2626 tivus
258 2562 349 2646 vulgo
374 2562 561 2648 corripiendi
582 2562 650 2626 iure
666 2562 778 2626 lruitur
793 2578 826 2626 ut
843 2562 928 2641 deus,
946 2564 1046 2640 divus,
1071 2564 1118 2629 vir
1134 2564 1207 2640 alia,
1231 2585 1290 2627 nou

150 2667 287 2730 alienum
301 2666 425 2731 videtur
439 2687 677 2730 commemorare
686 2667 720 2729 in
730 2667 893 2731 adieetivis
910 2678 939 2731 et
955 2668 1053 2749 magis
1065 2669 1155 2731 etiarn
1173 2669 1206 2730 in
1224 2689 1290 2753 par-

152 2771 271 2857 ticipiis
304 2791 403 2855 praes,
426 2779 482 2836 aot.
505 2777 609 2855 poetas
640 2770 722 2833 haud
754 2792 823 2834 raro
853 2772 900 2834 uti
924 2772 1139 2836 terminatione
1161 2795 1215 2838 unc
1236 2795 1291 2858 pro

151 2883 216 2940 ium
233 2897 287 2961 per
303 2897 437 2960 sycopen
453 2875 574 2939 litterae
589 2880 604 2936 i
619 2873 733 2937 effecta.
757 2874 868 2949 Qualia
885 2886 957 2938 sunt
973 2876 1140 2939 caelestum
1158 2877 1289 2955 exult,

155 2984 212 3045 191
237 2988 268 3044 et
291 2980 364 3045 ⁶204.
401 2980 615 3043 Veronensum
637 2978 670 3057 C,
694 2983 713 3043 2
737 2979 790 3043 ubi
816 2979 923 3045 Nobbe
946 2979 983 3042 de
998 2981 1106 3044 metris
1123 2981 1240 3045 Catulli
1256 2982 1288 3044 Il

150 3106 179 3169 p.
199 3085 238 3148 19
255 3084 480 3148 veronensium
497 3085 605 3168 probat
619 3083 688 3167 (sed
705 3084 741 3146 ef.
755 3084 908 3149 Schuabii
921 3086 1041 3161 Quaest.
1057 3085 1121 3148 l'at.
1136 3086 1189 3169 lp.
1200 3086 1289 3169 230),

150 3188 281 3272 denique
311 3188 515 3271 amniumque
544 3196 709 3251 sonantum
732 3187 892 3264 XXXllll,
928 3192 965 3253 12
988 3189 1072 3253 solus
1095 3189 1173 3252 liber
1196 3189 1289 3252 Ham-

149 3292 311 3376 burgonsis
348 3293 565 3377 incorruptum
604 3292 750 3358 serravit.
793 3293 970 3356 Ceterorum
1012 3294 1127 3356 similia
1164 3293 1289 3375 collegit

148 3397 236 3460 Neue
259 3397 283 3460 ll
306 3418 334 3480 p.
358 3398 400 3462 22
423 3417 468 3479 sq.
507 3395 541 3459 ln
565 3395 672 3460 eodem
696 3418 769 3460 casu
789 3417 849 3459 nen
874 3398 918 3460 ita
933 3400 1110 3478 frequenter
1127 3397 1289 3482 scriptores
1388 3432 1391 3439 .

147 3501 252 3565 Latini
276 3501 390 3565 Graece
412 3499 563 3564 flexerunt
584 3502 733 3565 vocabula
754 3523 810 3564 nec
832 3501 894 3564 lere
917 3501 980 3563 alia
1002 3501 1063 3564 nisi
1086 3521 1164 3583 quae
1185 3509 1290 3564 essent

149 3613 202 3669 aut
231 3605 358 3669 nemina
380 3605 565 3689 populorum
589 3612 643 3669 aut
665 3605 813 3668 librorum
838 3605 929 3670 tituli.
967 3606 1069 3686 Atque
1093 3604 1150 3668 hac
1172 3605 1288 3668 rationo

148 3715 270 3795 poetam
294 3709 503 3773 Veronensem
527 3707 688 3792 Chalybon
711 3709 823 3788 LXVI,
856 3712 897 3774 18
930 3708 1045 3771 dixisse
1069 3709 1186 3792 primus
1209 3708 1290 3772 vidit

148 3814 318 3879 Politianus
346 3813 514 3876 miscellan.
549 3833 577 3896 p.
603 3811 659 3891 68,
693 3812 780 3875 euius
804 3812 1046 3875 emendationem
1072 3813 1286 3876 Lachmannus

144 3919 303 4003 Hauptius
336 3917 388 4001 (el.
422 3917 516 3980 etiarn
547 3918 671 3993 Quaest.
699 3916 765 3980 Cat.
795 3938 822 4000 p.
852 3919 893 3982 85
916 3917 979 4000 sq.)
1016 3916 1198 3981 Schwabius
1233 3917 1286 3979 alii

146 4028 337 4108 receperunt.

233 4131 262 4192 7.
285 4127 353 4191 Nee
374 4124 492 4188 maiore
515 4147 590 4188 usus
612 4125 784 4207 frequentia
807 4130 915 4207 poetae
939 4124 1078 4186 dativum
1096 4144 1180 4187 mere
1198 4123 1288 4188 Grae-

144 4235 250 4296 corum
282 4231 399 4295 iusta
433 4229 634 4293 terminatum
665 4228 890 4304 adhibuerunt,
930 4247 1019 4310 quern
1056 4227 1088 4289 in
1111 4248 1204 4312 prosa
1226 4229 1286 4312 pri-

144 4357 230 4399 mum
254 4335 300 4399 ita
323 4336 494 4400 Varronem
516 4334 641 4397 finxisse
656 4333 843 4396 testimoniis
864 4340 984 4397 constat
1000 4331 1130 4394 Charisii
1148 4353 1176 4416 p.
1194 4333 1235 4397 37
1253 4332 1285 4397 P.

145 4445 175 4504 et
196 4439 288 4504 Nouii
316 4462 346 4525 p.
368 4439 442 4504 374.
487 4436 603 4501 Eadem
636 4436 725 4502 flexio
760 4437 840 4501 inter
872 4444 980 4522 poetas
1010 4435 1125 4499 saeculi
1153 4434 1285 4516 Augusti
