2872 4852
623 206 821 302 2⁷„

145 393 311 458 Diomedes
326 415 356 479 p.
372 395 436 460 513
451 395 485 459 P.
508 395 640 459 cundem
655 417 778 460 versum
791 397 905 461 Sereno
921 397 1088 477 adscribat;
1111 397 1187 460 item
1198 419 1287 482 porro

148 498 294 562 dixerunt
317 498 387 562 Pac.
411 502 474 564 332
497 507 528 563 ct
550 501 615 566 htt.
639 502 712 566 629.

237 602 452 688 Disputatiouo
481 603 574 686 igitur
604 604 642 666 de
674 605 779 667 formis
807 604 926 688 antiqui
958 605 1107 668 sermonis
1133 603 1288 668 adfinem

149 705 292 791 perducta
314 728 375 771 non
404 707 544 771 alienum
571 708 694 772 videtur
715 709 823 792 paucis
847 709 1102 794 comprehendere
1131 730 1209 792 quae
1231 731 1287 794 pro

150 818 229 875 certo
253 811 340 877 uobis
364 812 508 876 statuisse
531 812 702 876 videamur:

150 916 176 979 1.
200 915 341 979 Catullus
372 916 431 979 etsi
464 937 500 979 ea
530 916 633 980 floruit
663 922 762 980 aetate
796 936 856 999 qua
883 917 987 1001 lingua
1010 918 1119 981 latina
1150 940 1205 1002 per
1237 919 1286 982 Ci-

234 1041 375 1084 ceronem
407 1026 437 1084 et
458 1020 620 1084 Caesarem
653 1019 692 1083 ad
726 1041 879 1084 summam
901 1021 1120 1106 perfectionem
1150 1029 1197 1087 est
1217 1044 1285 1107 pro-

233 1130 330 1203 vecta,
352 1130 482 1188 tautum¹
498 1130 602 1187 tamen
632 1126 737 1188 aberat
768 1130 803 1187 ut
831 1145 937 1208 presse
960 1125 1136 1209 aequalium
1159 1147 1287 1190 suorum

233 1228 487 1292 consuetudinem
503 1227 656 1292 scribendi
671 1235 851 1306 sectaretur,
875 1235 910 1292 ut
924 1228 1008 1292 haud
1023 1229 1132 1313 paucis
1147 1231 1180 1293 in
1194 1231 1287 1295 rebus

235 1352 313 1415 quae
335 1333 374 1397 ad
396 1354 491 1416 genus
515 1332 784 1418 orthographicum
807 1338 837 1396 et
858 1334 1021 1398 flexionem
1043 1334 1206 1398 verborum
1221 1356 1289 1419 per-

233 1436 347 1514 tinent,
377 1445 515 1502 veterum
539 1445 701 1523 poetarum
723 1458 896 1501 sermonem
919 1437 1092 1502 imitaretur
1112 1438 1163 1502 vel
1184 1439 1288 1521 potius

234 1548 436 1606 conservaret.

143 1649 176 1712 2.
200 1645 298 1730 Saepe
321 1655 402 1710 certe
426 1667 553 1711 numere
577 1667 637 1710 uon
660 1655 724 1710 tam
746 1645 942 1727 antiquitatis
966 1646 1067 1711 studio
1089 1668 1181 1730 quam
1197 1648 1288 1711 metri

232 1771 324 1814 causa
344 1756 379 1814 ut
398 1751 514 1836 passim
537 1751 600 1813 iam
622 1749 803 1814 adnotatum
817 1771 836 1813 a
850 1750 942 1815 nobis
965 1759 1026 1829 est,
1050 1751 1162 1836 priscis
1179 1751 1287 1815 formis

233 1855 374 1933 indulsit,
404 1875 590 1938 quamquam
616 1854 674 1918 hoc
696 1854 792 1918 multo
821 1854 948 1918 mineris
971 1856 1000 1918 ei
1021 1856 1169 1919 momenti
1191 1855 1288 1918 fuisse

235 1981 326 2042 quam
348 1958 488 2022 Lucretio
523 1979 696 2024 censemus:
737 1958 849 2023 etenim
884 1959 921 2022 de
953 1959 1128 2025 admirabili
1161 1965 1225 2022 arte
1259 1967 1290 2023 ct

234 2063 384 2148 elegantia
411 2084 471 2146 qua
493 2063 611 2147 primus
634 2063 842 2126 Romanorum
864 2061 1010 2126 tredecim
1034 2083 1178 2126 versuum
1196 2063 1288 2126 Grae-

232 2190 336 2232 corum
376 2189 488 2251 genera
520 2167 637 2230 Latinis
658 2166 770 2230 'modis
805 2166 976 2251 adaptavit,
1014 2188 1104 2231 nemo
1136 2176 1183 2231 est
1213 2168 1288 2250 quin

233 2272 433 2356 aequabiliter
455 2272 576 2336 sentiat.

144 2380 175 2445 3.
199 2378 237 2441 ln
260 2376 435 2441 renovanda
457 2375 649 2459 antiquitatis
673 2375 820 2439 memoria
844 2396 878 2439 eo
903 2374 1003 2438 differt
1018 2396 1036 2437 a
1051 2375 1189 2440 Lucretio
1207 2376 1286 2459 quod

232 2482 369 2567 priorum
394 2488 552 2566 poetarum
576 2480 708 2562 vestigia
728 2485 869 2544 nontam
885 2479 976 2543 auxie
992 2500 1085 2562 quam
1100 2480 1150 2543 hic
1164 2481 1288 2565 pressit,

234 2586 262 2650 si
279 2585 390 2649 melica
405 2585 598 2670 potissimum
623 2586 757 2648 carmina
780 2583 897 2647 Catulli
919 2584 1059 2668 respicis,
1084 2585 1230 2665 quoniam
1251 2606 1289 2647 ne

236 2688 377 2755 convenit
400 2690 525 2772 quidem
540 2689 678 2754 studiosa
693 2689 769 2752 haec
789 2688 921 2751 imitatio
938 2687 1052 2772 lyricae
1067 2689 1154 2773 poesi
1168 2695 1203 2751 ut
1217 2696 1289 2773 pote

231 2795 269 2857 ab
288 2794 398 2857 altiore
423 2793 542 2857 dicendi
565 2815 673 2876 genere
696 2793 813 2856 alienae
836 2797 866 2855 et
886 2811 996 2854 sensus
1019 2793 1289 2880 motusquetanimi

236 2898 370 2963 sinceros
404 2897 501 2964 nobili
530 2898 672 2980 quidem,
704 2897 757 2961 sed
784 2895 865 2959 facili
899 2895 1119 2980 commodaque
1151 2897 1287 2961 oratioue

232 3003 407 3088 explicanti,
452 3001 635 3085 Ubicunque
662 3023 736 3066 vero
764 3000 803 3064 ad
832 2999 987 3064 doctrinae
1018 3001 1217 3065 ostentandae
1241 3022 1287 3064 ra-

232 3107 347 3171 tionem
379 3106 534 3171 delabitur
564 3106 651 3171 velut
680 3107 711 3169 iu
734 3106 774 3169 iis
798 3105 987 3170 carminibus
1015 3105 1130 3188 quibus
1154 3104 1288 3169 Alexan-

232 3211 391 3275 drinorum
434 3212 541 3297 poesin
581 3211 697 3275 Latinis
735 3210 877 3276 versibus
915 3209 1082 3292 expressit,
1121 3230 1183 3273 non
1220 3209 1286 3273 sine

232 3315 503 3400 grandiloquentia
530 3315 664 3398 quadam
692 3315 807 3379 formas
834 3322 974 3378 vetustas
1004 3320 1035 3378 ct
1058 3321 1203 3399 exparte
1226 3314 1288 3378 iam

231 3420 384 3485 obsoletas
406 3419 558 3485 adhibuit.

352 3662 392 3744 Β.
429 3662 483 3742 De
510 3661 642 3744 ibrmis
671 3661 855 3742 sermonis
879 3659 1072 3762 vulgaris.

234 3836 375 3900 Catullus
404 3859 472 3900 eum
496 3837 642 3918 antiquae
666 3836 832 3920 scripturae
856 3834 1107 3898 consuetudinem
1132 3834 1208 3898 satis
1231 3837 1287 3899 fre-

144 3941 315 4024 quentibus
338 3963 405 4005 cum
430 3941 634 4005 elocutionum
660 3947 726 4005 tum
749 3941 917 4004 formarum
940 3937 1088 4022 exemplis
1108 3938 1289 4023 probavisse

144 4042 336 4123 inveniatur,
374 4045 472 4108 multo
507 4052 609 4110 tamen
641 4045 871 4127 angustioribus
901 4044 1013 4108 fluibus
1051 4043 1290 4128 circumscripsit

145 4150 298 4215 sermonis
331 4149 466 4232 vulgaris
501 4148 676 4228 licentiam,
710 4170 770 4232 qua
792 4170 808 4212 e
831 4147 1052 4232 dactylicorum
1074 4168 1201 4212 numero
1225 4169 1289 4211 sac-

146 4254 274 4339 pissime
290 4254 466 4319 Lucretium
489 4274 580 4317 usum
596 4274 665 4318 esse
679 4253 878 4316 manifestum
895 4260 942 4315 est
956 4273 995 4315 ex
1017 4251 1057 4315 iis
1080 4271 1157 4333 quae
1172 4252 1289 4337 passim

146 4356 185 4423 de
207 4356 267 4423 hac
286 4380 319 4422 re
335 4357 495 4423 adnotavit
510 4357 722 4421 Lachmanuus
738 4358 768 4420 in
790 4355 1005 4420 commentario
1021 4355 1165 4418 carminis
1180 4356 1293 4417 luere-
