2872 4852
146 407 255 472 Galuos
285 405 372 486 LIII,
405 406 435 470 3.
466 427 562 471 novos
595 406 679 486 LXI,
712 405 763 472 54.
796 407 860 470 volt
890 405 1007 472 ibidem
1042 407 1114 472 209.
1149 427 1279 489 aequom

36 545 39 551 ·
145 511 248 591 LXII,
277 513 328 576 60.
357 510 519 575 convulsus
546 510 620 574 ibid.
648 511 691 574 40
718 509 814 574 codex
841 510 967 576 exhibet
988 511 1152 575 Thuaneus
1178 512 1210 574 in
1233 532 1279 574 re-

145 615 286 680 censione
307 615 399 679 huius
422 615 567 678 carminis
587 614 710 697 plurimi
726 614 944 694 aestimandus
969 615 1017 678 cui
1032 616 1282 700 obtemperarunt

146 720 285 798 Vossius,
308 719 462 805 Hauptius
486 719 538 802 (cf.
555 721 677 796 Quaest.
699 718 764 782 Cat.
790 740 820 804 p.
838 720 894 804 28)
917 720 1051 804 Heysius
1067 721 1281 784 Lachmannus

146 824 273 907 reliquis
294 823 451 905 vulgatam
478 823 638 887 lectionem
666 828 831 899 ,contusus‘
855 824 1068 890 retinentibus
1113 825 1205 888 Porro
1230 824 1280 887 dc-

146 927 238 991 volsit
268 927 383 1006 LXIII,
413 928 432 990 5
460 948 498 990 ex
527 926 738 990 emendatione
765 927 910 1012 Hauptii,
941 928 1063 1004 Quaest.
1088 929 1151 996 cat.
1177 951 1205 1014 p.
1230 930 1279 994 10.

146 1038 230 1096 tuom
258 1030 333 1095 ibid.
363 1033 383 1096 9
411 1031 542 1096 correxit
570 1031 785 1096 Lachmannus
819 1033 871 1117 (cf.
905 1031 945 1095 ad
971 1034 1059 1096 Lucr.
1089 1055 1119 1117 p.
1150 1033 1227 1116 241)
1252 1040 1283 1094 88

147 1135 290 1199 similiter
319 1143 390 1198 tuor
417 1135 458 1198 92
482 1135 661 1199 Schwabius
684 1157 721 1199 ex
743 1144 797 1199 tuo
821 1136 902 1220 quod
925 1137 1140 1201 Germanensis
1163 1136 1283 1200 881888-

146 1239 231 1304 tinus
253 1239 391 1302 Datanus
414 1239 529 1321 legunt,
553 1240 759 1327 revocavit¹);
783 1239 904 1304 diuolso
924 1240 1051 1320 LXIIH,
1075 1241 1147 1304 257.
1170 1261 1283 1304 vacuos

146 1343 221 1407 ibid.
256 1343 318 1409 288
353 1343 390 1406 de
422 1344 594 1406 certissima
622 1344 797 1407 coniectura
818 1344 951 1428 Bergkii.
975 1364 1070 1427 equos
1093 1343 1205 1423 LXVI,
1229 1345 1280 1424 54,

145 1468 238 1531 quom
262 1450 302 1514 19
325 1469 379 1533 pro
402 1469 492 1531 quera
515 1447 668 1531 Hauptius
691 1468 822 1531 eumque
845 1455 967 1513 secutus
991 1447 1192 1525 Schwabius,
1217 1447 1283 1511 vol-

146 1552 262 1616 turium
283 1551 441 1629 LXVIIlb,
468 1551 543 1628 124,
572 1553 624 1614 sed
651 1550 762 1631 CVIII,
788 1553 808 1614 4
831 1552 974 1616 uulturio.
1018 1552 1062 1617 Ut
1083 1573 1155 1616 vero
1178 1552 1211 1615 in
1234 1552 1284 1614 his

147 1655 255 1719 formis
276 1655 327 1718 vcl
353 1665 456 1741 aperte
483 1655 606 1719 tradItis
628 1654 680 1718 vel
704 1654 779 1718 scite
801 1655 947 1740 repositis
972 1655 1126 1719 Catullum
1149 1677 1284 1741 pronun-

146 1759 307 1823 tiationem
329 1759 486 1842 vulgarem
520 1765 659 1822 secutum
693 1779 759 1822 esse
795 1758 881 1821 nulla
903 1766 950 1823 888
972 1757 1124 1824 dubitatio
1149 1799 1188 1806 —
1213 1781 1285 1824 nam

147 1863 177 1926 in
210 1863 279 1926 aliis
307 1862 372 1927 cius
405 1863 490 1928 modi
517 1863 643 1928 vocibus
675 1862 788 1945 ubique
821 1862 969 1928 recentior
994 1863 1150 1929 scribendi
1172 1885 1281 1929 norma

148 1967 238 2031 Iidem
264 1967 358 2032 habet
380 2005 420 2014 —
451 1967 496 2031 ita
521 1968 718 2031 librariorum
744 1966 885 2031 inscitiae
915 1968 966 2032 vel
998 1968 1092 2032 errori
1126 1968 1278 2034 debentur

149 2071 222 2136 talia
250 2071 353 2155 qualia
379 2079 451 2136 sunt
481 2095 570 2151 ,meos
594 2071 726 2135 crimina
748 2072 859 2136 Calvus
882 2072 1071 2157 explicassct‘
1095 2072 1183 2152 LIII,
1211 2073 1230 2136 3
1254 2080 1285 2137 et

148 2182 187 2256 ,te
213 2176 325 2239 timens
353 2175 503 2260 cupidauo
520 2198 574 2240 vos
612 2175 616 2261 )
651 2182 756 2261 captat
770 2198 844 2239 aure
859 2181 995 2238 mure'tcr‘
1011 2175 1091 2253 LXI,
1114 2177 1157 2239 54
1173 2196 1217 2259 sq.
1231 2176 1286 2238 ubi

148 2281 260 2343 formas
283 2280 352 2341 illas
374 2301 455 2342 meos
477 2285 507 2342 ct
527 2285 654 2343 muratos
676 2301 714 2343 ex
737 2281 819 2344 male
841 2279 1003 2342 intellectis
1026 2278 1133 2341 Caluus
1148 2285 1179 2342 et
1194 2302 1287 2342 accos

148 2384 178 2471 h.
202 2406 227 2449 8.
259 2383 371 2446 Calvus
401 2389 431 2446 et
456 2403 555 2446 novus
581 2384 729 2467 profectas
760 2404 828 2447 esse
856 2403 912 2446 sua
934 2383 1063 2466 quisque
1085 2389 1194 2468 sponte
1218 2405 1286 2468 pcr-

149 2487 258 2572 spiciet
280 2487 317 2552 cf.
337 2487 471 2568 Wagner
492 2486 512 2550 1.
536 2508 566 2550 n.
589 2509 620 2571 p.
643 2487 716 2552 448.
754 2487 800 2550 Dc
821 2492 884 2551 tota
906 2508 939 2550 re
965 2485 1017 2549 adi
1041 2487 1225 2551 Corsscnum
1248 2487 1286 2551 dc

149 2597 292 2676 pronunt.
309 2590 407 2668 vocal,
431 2598 547 2667 acuent.
564 2591 635 2674 ling.
653 2593 720 2655 Lat.
736 2592 752 2655 I
766 2613 795 2677 p.
813 2592 864 2656 71.
881 2592 930 2655 73.
946 2591 976 2654 Il
991 2613 1020 2675 p.
1037 2593 1077 2655 91
1095 2612 1160 2675 sqq.
1179 2593 1285 2676 390.2)

233 2695 328 2759 Porro
358 2693 396 2758 ad
424 2715 594 2758 sermonem
616 2695 776 2778 antiquum
797 2695 932 2781 pertinet
953 2695 1057 2758 littera
1078 2717 1095 2757 o
1119 2716 1174 2779 pro
1201 2717 1229 2772 e,
1259 2695 1286 2757 si

149 2820 283 2865 consona
313 2812 335 2862 v'
363 2798 541 2884 praecedat,
573 2799 605 2862 in
639 2800 730 2864 certis
754 2798 942 2883 quibusdam
962 2797 1120 2863 vocabulis
1143 2798 1287 2866 collocata

65 2912 68 2922 “
148 2904 239 2968 utin
263 2910 365 2983 vorto,
399 2910 520 2981 vortex,
550 2910 651 2967 voster
673 2910 703 2968 et
725 2925 802 2987 quae
825 2909 898 2967 sunt
919 2903 1035 2967 similia
1058 2902 1095 2966 cf.
1120 2903 1286 2966 Gorssenus

150 3008 170 3074 1.
206 3029 236 3073 8.
271 3007 338 3091 Ip.
361 3009 434 3072 316.
467 3007 692 3092 1181128
724 3029 768 3092 sq.
796 3010 846 3074 66.
893 3007 1034 3071 Catullus
1056 3005 1182 3089 quidem
1206 3006 1287 3069 hunc

149 3111 302 3177 scribendi
332 3132 449 3175 morem
478 3111 511 3174 in
539 3111 718 3195 pronomine
745 3117 864 3175 tantum
893 3118 992 3175 uester
1026 3116 1056 3174 et
1081 3110 1187 3174 formis
1215 3109 1287 3173 inde

150 3216 297 3280 derivatis
319 3215 495 3300 assumpsit,
519 3214 618 3279 veluti
640 3214 719 3279 dixit
742 3223 847 3280 vostra
868 3215 981 3295 XXVI,
1004 3218 1032 3280 1.
1056 3213 1219 3292 XXVIIII,
1239 3216 1287 3280 13.

149 3321 246 3386 vostri
265 3321 328 3400 LV,
353 3320 403 3384 22.
426 3318 507 3397 LXI,
532 3318 605 3382 209.
630 3327 748 3382 vostras
763 3318 872 3398 LXVI,
895 3320 944 3385 87.
983 3318 1029 3381 118
1045 3317 1171 3381 veritate
1186 3322 1288 3381 autem

150 3425 344 3508 quarundam
371 3424 481 3487 harum
511 3425 677 3487 formarum
704 3443 743 3486 88
770 3423 839 3505 quis
861 3422 995 3500 dubitet,
1023 3421 1215 3484 conferantur
1236 3420 1289 3483 illa

150 3551 228 3613 quae
251 3529 288 3593 de
312 3528 487 3593 confirsione
509 3527 724 3612 pronominum
746 3533 847 3590 acutri
866 3532 896 3589 et
917 3531 1017 3588 vostri
1029 3525 1062 3588 in
1077 3524 1166 3588 libris
1182 3531 1289 3608 poetae

151 3633 335 3698 Veronensis
358 3631 606 3715 frequentissima
624 3630 778 3695 subtiliter
797 3628 970 3715 disputavit
986 3629 1142 3708 Schwabe,
1167 3628 1288 3704 Quaest.

152 3739 216 3802 Cat.
238 3740 252 3802 I
281 3760 310 3822 p.
336 3737 406 3801 154.
429 3736 592 3800 Poetarum
611 3735 821 3799 scaenicorum
840 3754 932 3798 usum
953 3733 1052 3797 disces
1069 3754 1107 3796 er
1123 3732 1288 3797 Ritschelii

110 3858 113 3863 ·
151 3842 248 3908 Proll.
273 3841 358 3905 Trin.
382 3862 412 3925 p.
435 3840 525 3905 XCV.

220 4139 248 4207 1)
276 4140 436 4207 Quamquam
462 4138 508 4191 has
526 4139 707 4205 pronominum
733 4137 829 4191 formas
848 4144 905 4186 tuce
924 4144 990 4185 tuum
1008 4153 1069 4186 8888
1087 4152 1159 4186 auam
1176 4138 1289 4202 utpote

153 4230 221 4282 ritae
249 4227 435 4281 consuetudine
464 4225 585 4279 facillime
612 4226 707 4278 inlatas
735 4226 820 4292 excipi
837 4224 927 4277 uolunt
949 4224 1056 4278 Ritschl.
1074 4223 1150 4276 Prcll.
1170 4223 1241 4275 Trin.
1260 4239 1286 4288 p.

153 4315 240 4368 xcllll
259 4330 297 4382 sq.
317 4317 343 4366 et
359 4313 543 4367 Fleckeisenus
562 4328 602 4379 ep·
622 4312 677 4366 crit.
695 4328 720 4379 p.
739 4312 812 4365 VIIll.

222 4399 375 4471 2)]818818
394 4399 504 4453 cItandis
522 4400 618 4471 uquue
636 4399 717 4455 altera
736 4399 792 4453 eius
810 4396 922 4452 editione
939 4397 1044 4451 utimur.
