2872 4852
610 194 815 292 --.J-2-

146 380 314 467 dactylicos
337 381 422 446 velut
444 382 603 447 Tibullum
625 383 821 468 Propertium
844 383 989 448 Ovidium
1006 383 1178 447 Martialem
1202 383 1283 449 alios

145 486 304 549 elisionem
341 486 402 550 sibi
438 487 617 571 permisisse
647 488 680 551 in
702 487 815 552 ultima
837 488 1023 573 pentametri
1045 487 1128 566 sede,
1170 487 1284 551 itidem

145 589 237 653 etiam
260 590 418 655 Catullum
440 599 529 677 putat
551 592 709 676 scripsisse
731 592 898 677 pellicitast
914 591 1022 671 LXVI,
1047 595 1096 657 10.
1113 591 1284 677 pollicita's

146 693 220 758 ibid.
249 697 300 760 34.
329 695 422 780 culpa
442 702 526 760 tuast
554 696 684 775 LXVII,
709 697 758 760 14.
782 696 869 760 dulce
892 696 999 760 mihist
1012 696 1183 773 ,LXVIlll‘,
1210 698 1281 761 160.

146 797 295 862 laetitiast
331 798 505 877 LXXXIII,
544 803 572 866 2.
618 800 730 864 Lesbia
765 808 868 865 amata
897 801 990 865 mea's
1023 800 1212 877 LXXXVII,
1252 804 1281 865 2.

145 909 245 965 meast
281 901 355 967 ibid.
389 905 411 968 4
444 903 576 987 denique
597 927 626 967 m
647 905 736 969 litera
757 926 827 969 eum
850 912 896 967 est
916 904 1025 969 collisa
1046 906 1079 968 in
1101 904 1283 967 misorumst

146 1005 305 1081 LXVlIl⁸‚
343 1008 393 1072 30.
440 1007 502 1072 Sed
543 1029 641 1092 neque
678 1010 777 1074 omnia
810 1017 882 1073 sunt
919 1029 997 1090 quae
1024 1007 1130 1072 attulit
1157 1008 1189 1071 in
1225 1007 1284 1071 hoc

146 1130 258 1191 genere
297 1111 438 1196 exempla
475 1119 505 1175 et
542 1112 631 1177 valde
667 1114 789 1198 ambigo
826 1134 899 1177 uum
936 1113 1003 1176 eius
1032 1120 1218 1199 praecepto,
1258 1112 1284 1174 si

146 1214 302 1279 Catullum
335 1216 470 1280 maxime
503 1216 676 1296 considero,
709 1226 824 1281 temere
847 1216 1076 1299 obsequendum
1099 1216 1149 1283 sit.
1192 1216 1284 1279 Certe

148 1319 181 1381 in
218 1320 407 1385 membranis
442 1330 550 1405 poetae
574 1322 759 1386 Veronensis
795 1321 874 1386 nihil
905 1322 996 1385 istius
1018 1320 1104 1385 modi
1126 1319 1283 1404 reperitur

146 1422 228 1487 trude
263 1445 383 1488 sumere
416 1423 536 1507 aliquid
575 1447 610 1490 ea
646 1427 677 1490 in
711 1448 744 1490 re
766 1427 859 1490 liceat
880 1448 936 1490 nec
957 1425 1047 1489 debet
1069 1423 1191 1489 Catullo
1214 1422 1284 1486 sine

145 1527 291 1610 gravibus
322 1529 421 1594 causis
444 1531 550 1595 eadem
578 1531 628 1596 lex
651 1532 768 1615 imponi
790 1551 852 1614 qua
874 1530 1056 1615 posteriores
1077 1550 1186 1593 versus
1209 1548 1283 1591 suos

146 1638 327 1715 panxerunt.
346 1671 385 1680 —
401 1632 521 1697 Deinde
544 1655 605 1699 non
626 1635 729 1699 aliena
751 1641 798 1699 est
820 1637 859 1699 ab
882 1656 941 1698 usu
956 1633 1045 1699 elisio
1061 1631 1282 1698 vocabulorum

146 1756 278 1817 quorum
316 1736 411 1801 altero
443 1738 648 1816 concluditur,
685 1738 780 1803 altero
808 1738 970 1803 incohatur
998 1758 1102 1802 versus
1129 1736 1282 1801 heroicus.

147 1840 262 1903 Verum
300 1839 390 1922 lenge
427 1843 559 1907 maxima
595 1850 755 1928 poetarum
776 1864 849 1928 pare
872 1843 951 1907 hanc
969 1841 1125 1906 licentiam
1149 1862 1185 1904 aa
1212 1862 1282 1904 con-

147 1943 264 2007 dicione
300 1944 441 2024 admisit,
478 1953 513 2010 ut
539 1948 570 2010 in
600 1948 661 2011 fine
683 1968 790 2012 versus
817 1947 877 2011 nisi
905 1928 1069 2031 particulae
1092 1945 1282 2031 copulativae

146 2069 207 2131 que
235 2046 334 2112 lecum
362 2070 423 2112 non
452 2051 629 2116 concederet
658 2052 695 2115 cs.
719 2052 753 2118 L.
778 2050 904 2114 Ilueller
929 2072 958 2135 p.
982 2051 1054 2114 295.
1098 2049 1204 2132 Atque
1226 2049 1283 2113 hac

146 2152 262 2216 ratione
305 2153 446 2218 Catullus
487 2174 606 2239 quoque
645 2155 724 2219 binis
767 2155 843 2220 dixit
884 2153 1033 2240 exemplis
1068 2152 1173 2236 qualia
1211 2162 1284 2218 sunt

145 2256 272 2335 LXIIII,
295 2259 374 2323 298:
403 2259 473 2322 inde
496 2266 582 2344 pater
604 2259 710 2324 divum
733 2266 837 2324 sancta
859 2280 929 2322 cum
952 2258 1078 2342 coniuge
1098 2257 1240 2339 natisque
1259 2260 1264 2339 1

147 2360 271 2424 advenit
292 2361 374 2425 eaelo
397 2369 450 2428 etc.
476 2364 568 2441 CXV,
591 2368 624 2427 b:
647 2370 733 2448 prata
753 2385 826 2427 arva
847 2362 985 2447 ingentes
1007 2361 1101 2426 silvas
1123 2360 1283 2445 saltusque

147 2463 336 2548 paludesque
356 2468 360 2545 l
381 2486 476 2549 usque
513 2468 551 2530 ad
583 2469 796 2552 Hyperboreos
834 2474 890 2531 eet.
913 2466 1075 2531 Molestam
1096 2487 1169 2530 vero
1192 2487 1283 2550 syna-

148 2568 279 2653 loephen
308 2589 324 2631 e
351 2571 517 2654 posteriore
540 2572 606 2636 leco
628 2592 785 2635 removere
807 2571 907 2635 conati
930 2578 1001 2635 suut
1023 2569 1231 2635 Rossbachius
1254 2574 1285 2633 et

147 2672 309 2757 Berglrius,
334 2673 389 2739 ille
411 2674 574 2757 legendum
596 2683 679 2740 ratus
702 2678 841 2759 lataeque
857 2677 1005 2758 paludes,
1036 2675 1087 2738 bic
1110 2674 1283 2759 suspicatus

146 2779 306 2861 soleasque
326 2780 469 2860 paludes.
515 2780 644 2845 Videtur
665 2788 769 2844 tamen
792 2781 922 2845 alterum
937 2782 1133 2863 paludesque
1155 2785 1285 2863 utpote

146 2882 235 2947 bonis
268 2880 357 2946 libris
390 2883 536 2948 traditum
560 2883 752 2949 retinendum
776 2906 856 2961 esse,
886 2883 1030 2967 queniam
1052 2882 1103 2946 vel
1126 2882 1284 2968 superiore

146 2986 212 3050 loeo
245 2993 335 3071 pcata
358 2986 452 3050 talem
475 2987 633 3053 elisionem
656 3010 716 3051 usu
738 2986 880 3073 probavit
901 3009 919 3050 a
940 2986 1024 3051 nullo
1047 2992 1195 3070 quantum
1220 2987 1285 3050 scio

146 3090 270 3155 bomine
287 3091 405 3156 erudito
422 3092 642 3156 addubitatum.
680 3092 725 3155 Ex
742 3092 851 3156 ceteris
867 3090 1029 3174 dactylicis
1044 3090 1139 3155 semel
1155 3091 1283 3174 quidem

148 3194 314 3272 Lucretius,
339 3196 462 3280 saepius
485 3196 618 3260 imitator
633 3197 698 3260 eius
714 3195 868 3279 Vergilius
882 3195 940 3257 hoc
954 3215 1062 3277 genere
1077 3195 1285 3280 synaloephas

146 3320 246 3363 carere
284 3299 392 3364 uoluit.
413 3337 458 3378 „—
480 3300 591 3364 Contra
627 3301 660 3364 in
697 3298 768 3364 aliis
796 3307 965 3363 metrorum
992 3299 1153 3383 generibus
1182 3300 1285 3364 multo

146 3405 334 3488 frequentius
358 3392 500 3468 Catullus
522 3425 630 3468 versus
667 3404 809 3468 adhibuit
844 3405 1055 3487 hypermetrcs
1084 3405 1129 3468 ita
1157 3402 1284 3487 quidem

148 3515 183 3572 ut
206 3531 257 3574 ecs
280 3507 329 3572 vel
350 3515 379 3571 m
401 3501 491 3573 litera
513 3508 563 3573 vel
585 3507 666 3593 quod
688 3507 779 3591 vulgo
802 3508 885 3585 fecit,
908 3507 1008 3572 vocali
1030 3507 1139 3572 liniret.
1179 3507 1231 3572 Sic
1245 3508 1285 3570 ‘in

147 3612 306 3698 Sapphico
320 3612 576 3696 hendecasyllabo
599 3612 655 3692 Xl,
681 3613 735 3676 19:
758 3611 879 3675 nullum
900 3628 1103 3690 emanavere,
1126 3610 1180 3675 sed
1198 3611 1283 3676 iden-

148 3713 243 3778 tidem
267 3715 408 3780 omnium
426 3718 432 3801 Ι
451 3716 508 3780 ilia
529 3738 686 3802 rumpens.
710 3716 785 3782 ibid.
811 3716 867 3779 22:
881 3715 944 3799 nqui
963 3714 1051 3778 illius
1067 3715 1159 3800 culpa
1174 3715 1287 3780 cecidit
1323 3723 1329 3732 “

149 3817 237 3883 velut
259 3821 339 3904 prati
360 3821 365 3904 1
385 3820 488 3885 ultimi
510 3821 573 3886 llos.
596 3821 674 3898 LXI,
702 3824 776 3886 122:
800 3821 974 3883 flammeum
990 3818 1079 3883 video
1095 3819 1199 3882 venire
1219 3826 1223 3899 l
1244 3820 1286 3884 ite

150 3923 300 4009 concinite
322 3924 354 3987 in
377 3925 514 3989 modum.
538 3925 613 3990 142:
637 3932 824 4005 unguentate
839 3922 952 4006 glabris
967 3923 1075 3986 marite
1095 3922 1099 4007 Ι
1119 3923 1283 3990 abstinere.

151 4026 226 4090 147:
265 4028 333 4095 sola
368 4029 505 4112 cognita,
545 4029 599 4092 sed
629 4029 741 4092 marito
760 4027 764 4112 l
785 4028 845 4091 ista
866 4047 928 4089 non
950 4025 1055 4089 eadem
1078 4025 1181 4091 licent.
1208 4028 1284 4093 tal:

148 4135 210 4194 iarn
234 4131 303 4196 licet
327 4133 443 4209 venias,
467 4133 577 4197 marite
597 4138 601 4215 Ι
622 4153 698 4196 uxor
722 4133 750 4194 ln
773 4130 906 4195 thalamo
929 4130 987 4194 tibi
1010 4137 1064 4194 est.
1076 4131 1101 4214 ¹)
1207 4168 1214 4179 ·

219 4357 245 4429 1)
263 4348 300 4414 el(
313 4361 415 4415 Lachm·
434 4360 467 4414 ad
484 4360 559 4414 Lucr.
578 4375 595 4426 p
612 4360 644 4415 81
665 4374 703 4426 sq.
