2872 4852
670 158 716 222 41

620 249 792 256 --.-—-.--

125 350 196 415 130.
211 350 368 416 matra
393 349 501 429 LXVI,
520 351 568 413 19.
599 350 835 413 Verumtamen
860 347 918 412 hoc
939 346 1135 413 librariorum
1157 349 1262 433 potius

122 474 216 537 quam
239 460 346 540 poetae
370 454 573 519 inconstantia
594 447 708 518 factum
731 474 798 517 esse
820 453 923 539 ipsum
945 452 1027 516 illud
1041 454 1176 536 loquella
1199 475 1262 516 ma-

121 557 234 621 nifesto
258 558 382 624 indicat.
406 594 448 605 -
472 558 623 623 Similiter
645 559 799 641 geminata
814 557 916 621 littera
936 579 1013 642 opus
1029 578 1096 621 csse
1119 558 1152 619 in
1168 559 1260 639 pell-

121 669 194 725 etur
216 663 296 745 quod
320 662 514 741 XXXV11,2
536 663 655 747 legitur,
680 662 834 726 sententia
850 667 897 726 est
910 661 1103 726 Fleckeiscni
1120 659 1260 744 Orthogr.

11 824 15 831 .
122 766 186 831 Lat.
210 788 240 851 p.
258 766 298 829 25
330 787 385 830 nec
412 769 534 833 obstare
561 767 685 832 videtur
708 766 925 830 Germanensis
952 766 985 829 in
1013 785 1073 848 que
1096 764 1226 829 alteram
1249 766 1262 826 l

120 870 213 934 huius
236 871 321 935 vocis
344 892 463 935 erasam
487 892 553 935 esse
574 872 757 936 Duebnerus
779 871 913 935 adnotat.

207 974 292 1039 Num
314 997 420 1039 vocem
435 978 544 1057 relr‘qr‘o
567 976 707 1042 Catullus
723 975 854 1039 adaucta
875 975 974 1061 prima
996 974 1118 1059 syllaba
1140 974 1252 1038 dixerit

121 1079 226 1165 paullo
257 1080 337 1145 infra
371 1081 426 1145 ubi
455 1081 492 1144 de
522 1081 589 1145 eius
618 1081 762 1166 prosodia
788 1099 888 1143 sermo
912 1080 971 1144 erit
993 1079 1095 1163 aptius
1119 1079 1260 1164 explana·

123 1183 237 1250 bimus.
284 1186 322 1247 In
344 1185 401 1249 hoc
424 1171 538 1249 scilicet
559 1185 683 1249 nominc
711 1205 779 1248 cum
808 1184 889 1248 alius
918 1184 1012 1248 aliam
1036 1183 1192 1248 scribendi
1214 1205 1260 1248 ra-

121 1288 240 1352 tionem
263 1298 455 1371 sequeretur,
489 1289 605 1374 pariter
633 1310 738 1354 omnes
762 1296 915 1352 atrorum
938 1295 1076 1352 auctores
1099 1294 1131 1352 et
1152 1293 1261 1374 poetae

122 1392 156 1455 in
179 1393 322 1477 perlectis
344 1400 467 1475 repperi
486 1397 597 1457 rettuli
616 1396 745 1476 reppuli
763 1395 883 1456 rettudi
903 1414 937 1456 ao
960 1393 1067 1457 formis
1090 1392 1163 1456 inde
1184 1392 1261 1455 deri-

52 1498 56 1505 ’
119 1495 245 1578 vatisp
269 1504 299 1559 ot
322 1504 335 1559 t
356 1518 504 1562 consonas
526 1505 651 1583 proptor
674 1498 890 1583 etymologiam
914 1519 1034 1582 semper
1055 1497 1260 1580 geminarum,

121 1599 243 1683 quando
265 1599 320 1663 illa
347 1602 472 1685 quidem
498 1609 638 1687 tempora
666 1623 704 1666 ex
732 1608 873 1685 repeperr'
892 1605 1020 1667 ratetole'
1039 1604 1183 1684 repopolr‘
1204 1608 1260 1665 oet.

120 1705 199 1769 elisa
221 1705 324 1770 littera
346 1729 361 1768 e
382 1707 572 1790 prodierunt,
597 1708 631 1770 cf.
655 1707 823 1771 Corssenus
844 1707 868 1772 Ι.
893 1729 923 1791 p.
940 1706 992 1772 38.
1035 1707 1144 1788 Itaque
1166 1706 1261 1770 ctiam

121 1808 264 1873 Catullus
288 1809 475 1890 LXXVIIII,
498 1812 518 1873 4
542 1817 712 1893 reppererit
733 1810 893 1894 scripsisse
917 1812 1087 1875 censendus
1109 1809 1261 1893 estquod

121 1914 206 1978 solus
229 1914 354 1979 exhibet
368 1914 508 1978 Datanus
533 1915 643 1979 ceteris
665 1922 694 1979 et
715 1915 838 2000 optimis
863 1915 988 1996 quidem
1012 1921 1161 1997 repererit
1174 1922 1261 1979 tuen-

122 2017 207 2084 tibus
229 2027 327 2083 metro
350 2040 410 2083 non
434 2020 673 2084 accomodatum.

102 2148 108 2157 ·
208 2122 310 2188 Verbo
335 2112 484 2206 attingam
507 2123 637 2188 eundem
660 2123 733 2188 Dati
755 2123 890 2188 codicem
912 2143 965 2207 pro
989 2125 1099 2187 arlelas
1121 2129 1260 2187 constan·
1297 2193 1300 2197 Α

120 2232 169 2291 ter
191 2231 319 2292 arridae
340 2231 485 2313 praebere
507 2229 531 2302 Ι,
557 2228 576 2291 2
600 2235 630 2291 et
653 2228 861 2305 XXXXVIII,
885 2230 906 2293 5
933 2227 1015 2292 idem
1043 2228 1125 2310 quod
1146 2228 1179 2291 in
1202 2227 1261 2291 Lu·

121 2330 207 2395 cretii
232 2333 386 2409 Quadrato
415 2332 552 2396 accidere
581 2339 687 2398 monet
708 2333 889 2397 Bouterwek
915 2332 936 2396 l.
959 2353 989 2396 n.
1013 2355 1043 2417 p.
1068 2335 1117 2399 16.
1163 2335 1260 2410 Quam

119 2434 241 2500 inutilis
265 2438 339 2501 haec
362 2438 404 2502 sit
425 2439 593 2524 scriptura,
617 2439 698 2504 ultro
722 2439 851 2521 quisque
874 2436 1119 2522 comprehendet:
1146 2460 1217 2502 nam
1242 2460 1260 2500 o

119 2539 222 2603 littera
245 2541 308 2604 iam
331 2563 385 2626 per
408 2565 441 2605 se
463 2542 612 2628 producta
627 2551 681 2607 est.
705 2583 748 2591 —
771 2543 886 2607 Contra
904 2563 957 2626 pro
980 2565 1087 2607 rasam
1103 2543 1258 2626 gingivam

120 2644 310 2724 XXXVIIII,
336 2647 375 2711 19
398 2647 613 2711 Lachmannus
643 2648 757 2711 rectius
780 2668 904 2710 rossem
937 2647 1095 2731 impressit
1117 2647 1260 2710 velutin

120 2747 206 2812 Lucr.
230 2750 304 2826 llll,
325 2751 365 2813 75
388 2772 536 2834 russaque
558 2752 628 2815 vela
650 2751 775 2836 scripsit
789 2756 950 2836 propterea
964 2751 1047 2833 quod
1061 2750 1149 2814 radix
1165 2751 1258 2815 buius

46 2936 50 2943 Ι
119 2854 264 2917 vacabuli
291 2876 359 2918 eum
389 2856 545 2919 similibus
573 2877 740 2942 sempera
763 2859 890 2922 brevem
911 2856 1005 2921 habet
1027 2861 1058 2920 et
1079 2855 1160 2938 quod
1177 2856 1261 2940 Apu·

53 3030 57 3035 ,
89 2948 92 2953 ’
119 2957 199 3021 leius
222 2959 303 3044 apol.
328 2980 358 3043 p.
375 2960 438 3025 393
455 2960 605 3039 Oudeud„
629 2961 684 3043 qui
705 2983 812 3025 versus
835 2960 928 3024 huius
952 2960 1095 3024 carminis
1116 2963 1155 3026 18
1173 2967 1203 3024 et
1220 2962 1259 3025 19

89 3114 92 3119 .
119 3063 264 3147 respexit,
288 3064 364 3127 item
386 3086 510 3128 rossem
530 3064 606 3147 legit
628 3065 733 3130 littera
755 3088 770 3128 a
793 3065 951 3150 duplicata
978 3065 1015 3131 cf.
1040 3065 1135 3129 etiam
1157 3065 1260 3127 lauces

118 3187 228 3231 russas
257 3168 335 3233 Enn.
372 3168 461 3250 Trag.
491 3169 558 3235 rell.
592 3172 656 3236 356
686 3171 766 3249 Rib,
794 3170 875 3234 mssi
904 3169 1130 3241 BataviMart.
1155 3166 1260 3246 XIIII,

51 3308 56 3313 -
122 3272 247 3349 176,1.

206 3376 244 3439 ln
267 3377 415 3442 eiectione
438 3379 670 3444 consonantium
694 3380 794 3465 primo
817 3379 883 3444 loco
907 3378 1071 3442 dicendum
1094 3386 1142 3441 est

191 3483 234 3544 .7.
259 3481 297 3545 dc
319 3485 338 3544 l
360 3482 466 3546 littera
488 3503 568 3565 quae
591 3507 661 3548 oum
684 3506 816 3570 pervaga
839 3485 880 3548 sit
902 3491 993 3565 atque
1016 3481 1190 3568 pertenuis,
1214 3480 1259 3543 di-

119 3604 224 3649 versas
246 3607 301 3670 per
323 3588 473 3671 temporis
488 3609 667 3674 processum
689 3590 875 3654 mutationes
898 3609 990 3674 passa
1005 3595 1052 3652 est
1074 3586 1112 3651 cf.
1129 3585 1259 3663 Quintil.
1352 3664 1355 3669 ¹

117 3688 142 3766 l,
166 3690 197 3767 5,
223 3691 271 3754 19.
316 3691 420 3776 Atque
443 3693 504 3757 ista
527 3694 594 3756 eius
617 3693 649 3757 in
673 3693 832 3758 scribendo
855 3693 1085 3774 omittendoquc
1099 3689 1260 3753 fluctuatio

117 3811 196 3874 quae
220 3792 255 3856 in
277 3796 506 3879 antiquissimis
528 3806 631 3861 tamen
656 3797 910 3883 inscriptionibus
925 3797 1062 3861 nondum
1084 3795 1185 3859 locum
1209 3794 1260 3857 ob-

116 3895 213 3973 tinet,
229 3898 318 3969 inde
346 3902 526 3966 aCaesaris
557 3908 657 3965 aetate
685 3903 784 3984 magis
815 3902 974 3985 magisque
1005 3898 1159 3964 increbuit
1181 3904 1260 3963 teste

117 4000 268 4066 Corsseno
292 4004 307 4066 l
328 4026 360 4089 p.
380 4006 451 4071 103.
497 4005 585 4083 Quod
609 4028 677 4070 oum
699 4007 744 4072 ita
766 4007 817 4083 sit,
841 4026 901 4069 non
926 4005 1087 4070 defuerunt
1109 4024 1259 4088 gramma·

28 4120 45 4163 .·
100 4104 172 4168 'tici
195 4127 252 4171 nee
274 4110 461 4174 vetustiores
483 4132 539 4174 noc
561 4110 744 4174 recentiores
777 4111 830 4193 qui
862 4111 895 4174 in
923 4110 1067 4191 ambigua
1088 4130 1121 4171 re
1144 4114 1260 4172 certam

117 4210 274 4277 scribendi
297 4215 502 4278 constantiam
520 4221 662 4279 statuere
698 4237 753 4299 pro
791 4237 824 4279 se
856 4215 986 4298 quisque
1009 4213 1183 4291 studerent,
1207 4210 1261 4274 scd

56 4364 59 4369 -
116 4336 187 4381 cum
211 4318 349 4403 plerique
373 4319 534 4384 subtiliore
557 4320 689 4403 quadam
712 4320 883 4402 cognitione
906 4328 936 4385 et
952 4319 1088 4385 doctrina
1107 4338 1168 4402 qua
1183 4336 1259 4403 opus
1363 4356 1367 4363 ·
