2872 4830
705 265 724 326 9

148 459 296 520 sermonis
325 457 440 521 formae
468 457 738 544 circumferuntur,
771 456 814 518 ita
836 461 936 518 tamen
959 462 995 518 ut
1018 462 1107 540 poeta
1129 477 1227 538 neque
1250 457 1282 518 in

148 561 316 624 archaismo
340 568 393 624 aut
410 561 605 643 vulgarismo,
628 567 663 623 ut
685 581 847 644 perperam
863 562 980 643 loquar,
1005 582 1102 643 neque
1120 561 1150 623 in
1167 562 1283 624 urbana

149 665 296 728 latinitate
318 668 392 729 sines
414 665 634 751 temperantiae
650 669 681 727 et
695 664 913 729 moderationis
929 665 1088 727 transiisse
1104 664 1281 748 reperiatur.

153 769 214 832 lam
246 769 338 853 igItur
373 769 512 831 Catullus
544 769 686 850 quoniam
721 769 873 849 insignem
910 769 991 832 inter
1021 774 1126 852 poetas
1158 768 1283 831 Latinos

64 870 68 877 ’
149 875 248 938 locum
279 874 410 949 obtinet,
444 873 494 937 vel
523 873 589 935 idco
616 872 695 935 mibi
717 871 822 934 videor
856 893 964 957 operae
992 872 1124 957 pretium
1148 872 1283 935 facturus

147 998 229 1054 esse,
254 978 279 1041 si
303 978 335 1039 in
358 977 423 1040 cius
440 997 506 1040 rem
528 977 756 1057 grammaticam
780 981 811 1038 et
833 977 1005 1053 metricam,
1028 977 1190 1062 praecipue
1214 998 1283 1060 pro·
1347 1053 1351 1058 Δ

151 1081 270 1144 sodiam
294 1080 664 1164 accuratiuspleniusque
686 1081 848 1162 inquiram.

617 1611 750 1718 'imre
776 1641 806 1720 1.

302 1877 346 1958 A.
391 1875 452 1956 Do
485 1878 646 1958 formis
679 1883 903 1961 sermonis
937 1881 1130 1982 antiqui.

234 2069 300 2144 Qua
322 2069 355 2132 in
378 2090 410 2131 re
434 2070 532 2153 primo
558 2070 624 2135 loco
649 2070 861 2134 disserendum
885 2080 932 2135 est

550 2225 578 2264 a.
606 2209 649 2264 Do
667 2209 885 2278 orthographia

148 2351 238 2411 quam
253 2330 392 2393 Catullus
415 2331 446 2393 in
470 2331 658 2394 carminibus
686 2332 752 2395 suis
767 2332 891 2396 uidetur
908 2340 1029 2396 secutus
1053 2351 1129 2395 esse.
1164 2331 1287 2394 Etenim

148 2439 182 2496 ut
220 2441 323 2497 nostra
360 2441 458 2498 aetate
497 2456 558 2498 non
594 2435 741 2501 omnibus
772 2458 834 2499 una
867 2437 1033 2520 eademque
1065 2435 1287 2501 vocabulorum

149 2537 380 2602 scribendorum
409 2540 485 2602 ratio
513 2540 631 2625 pariter
657 2543 818 2624 probatur,
847 2541 890 2603 ita
913 2541 1005 2604 etiam
1028 2540 1107 2625 apud
1133 2540 1287 2603 Romanos
1318 2609 1321 2616 ¹
1358 2564 1360 2568 ·

149 2641 281 2705 diversis
312 2644 500 2728 temporibus
531 2644 688 2707 diversum
715 2645 881 2729 scripturae
903 2666 998 2728 genus
1020 2644 1170 2722 obtinuit,
1201 2643 1287 2706 cuius

149 2747 193 2808 rei
225 2766 348 2809 causam
382 2768 443 2810 nou
471 2749 514 2811 ita
541 2747 668 2811 difficile
699 2748 883 2832 explicabis,
920 2749 993 2812 dum
1019 2748 1109 2812 modo
1133 2747 1171 2810 ad
1194 2747 1288 2810 nnius

149 2850 295 2932 cuiusque
330 2851 486 2936 scriptoris
514 2860 657 2915 naturum
687 2859 719 2916 et
746 2873 845 2915 mores
874 2852 1058 2937 respexeris.
1104 2851 1185 2914 Nam
1216 2851 1288 2914 hine

150 2956 282 3018 maxime
305 2956 419 3019 factum
443 2966 499 3035 est,
523 2964 558 3021 ut
580 2957 636 3019 alii
660 2957 694 3018 in
717 2956 865 3039 stirpibus
888 2964 919 3019 et
937 2957 1207 3020 terminationibus
1222 2977 1289 3018 ver·
1380 2987 1382 2991 ·

152 3058 259 3122 borum
284 3079 423 3124 normam
440 3061 535 3124 semel
551 3061 749 3125 constitutam
765 3081 870 3145 presse
886 3067 1093 3143 sequerentur,
1115 3061 1170 3124 alii
1184 3066 1290 3124 contra
1307 3090 1310 3096 ⁴

152 3162 277 3225 illorum
316 3169 488 3248 temporum
525 3166 637 3248 quibus
672 3165 824 3230 vocalium
859 3185 1120 3247 consonarumquc
1158 3164 1289 3229 varietas

152 3267 240 3331 certis
263 3267 384 3349 legibus
407 3268 543 3332 nondum
568 3270 697 3333 coercita
720 3277 785 3334 erat
800 3269 1052 3334 consuetudinem
1072 3269 1223 3334 scribendi
1241 3290 1290 3331 ex-

150 3371 282 3455 primere
305 3374 443 3438 mallent.
482 3374 522 3438 Et
543 3374 647 3458 prisca
668 3376 744 3438 haec
759 3375 938 3438 Latinorum
956 3373 1172 3458 orthographia
1187 3372 1289 3456 qualis

151 3475 244 3540 fuerit
270 3477 438 3541 luculentis
470 3484 628 3562 poctarum
651 3479 833 3563 tragicorum
857 3478 1098 3560 comicorumque
1123 3478 1177 3559 qui
1199 3476 1288 3540 tertio

151 3601 178 3644 a.
203 3581 259 3647 Ch.
290 3582 408 3645 saeculo
432 3581 601 3647 floruerunt
622 3583 806 3648 testimoniis
837 3583 913 3646 satis
945 3582 1101 3663 cognitum
1128 3582 1287 3646 habemus.

236 3685 288 3749 Sic
297 3686 453 3750 veteribus
468 3685 503 3748 in
517 3708 576 3749 usu
587 3686 646 3751 luit
657 3687 832 3770 ubicunque
844 3687 1014 3771 geminatae
1026 3708 1075 3750 aar
1089 3687 1208 3750 litterae
1219 3707 1289 3749 con-

152 3796 317 3869 currerent,
341 3811 470 3874 quarum
485 3786 570 3874 prior
586 3796 639 3854 aut
655 3812 805 3856 consonae
820 3797 873 3855 aut
888 3791 1003 3854 vocalis
1018 3791 1085 3854 vioe
1104 3790 1289 3872 fungeretur,

150 3914 213 3958 non
241 3915 291 3957 cru
314 3882 368 3958 sed
390 3917 432 3958 no
455 3894 643 3980 perscribere
666 3893 718 3978 (cf.
744 3894 870 3969 Quintil.
896 3896 920 3973 l,
944 3898 974 3976 4,
1001 3897 1061 3971 11).
1108 3893 1206 3968 Quam
1228 3892 1290 3956 late

151 4005 254 4062 autem
285 3999 421 4083 patuerit
446 3999 521 4063 haec
552 3997 706 4063 scribendi
735 3999 908 4062 constantia
930 3999 1002 4063 indo
1025 4003 1127 4083 potest
1149 3996 1289 4078 intelligi,

152 4101 234 4184 quod
256 4123 295 4165 ne
318 4123 336 4165 a
359 4103 580 4186 posterioribus
603 4103 728 4185 quidem
752 4103 850 4187 poetis
866 4103 1000 4186 Augusti
1024 4101 1206 4184 aequalibus
1227 4121 1290 4163 om-

151 4206 225 4270 nino
255 4208 354 4271 abest:
384 4228 456 4270 nam
478 4207 648 4290 Vergilium
680 4228 801 4290 semper
823 4207 854 4270 in
877 4208 934 4270 hac
957 4229 989 4270 ro
1012 4228 1054 4270 uo
1078 4204 1217 4290 posuisse
1241 4203 1291 4267 ‹le-

154 4312 322 4375 montravit
342 4312 496 4394 Wagner,
532 4311 672 4394 Orthogr.
695 4311 810 4394 Vergil.
846 4334 876 4396 p.
908 4312 971 4375 476
1007 4330 1071 4394 sqq.
1117 4310 1142 4374 E
1177 4307 1289 4372 Catulli

153 4416 302 4500 poematis
326 4415 453 4499 contigit
474 4416 623 4501 expiscari
646 4417 720 4480 hacc
741 4415 804 4480 scre
826 4415 979 4504 exempla:
1004 4436 1107 4479 servos
1128 4412 1241 4490 XXIII,
1263 4413 1289 4478 1.
1368 4468 1370 4473 .
