2872 4852
586 196 792 293 AL„

119 398 181 471 tur,
205 391 257 455 din
280 389 475 470 multumque
498 385 692 452 haesitabant
714 387 855 452 homines
878 385 961 452 docti
983 387 1063 453 alius
1085 390 1181 455 aliam
1196 398 1259 476 ety-

121 495 274 578 mologiae
305 493 455 558 rationem
483 492 618 557 molitus.
665 490 877 557 Subtilissime
905 493 1044 556 omnium
1075 493 1113 557 de
1145 495 1202 559 hac
1228 516 1260 558 re

122 600 269 665 disseruit
301 599 468 662 Corssenus
499 596 513 659 I
547 619 576 680 p.
595 596 658 661 648
693 604 779 673 nota,
813 596 866 680 qui
903 596 1086 661 lectionibus
1123 599 1260 663 codicum

123 704 237 769 Catulli
268 712 298 766 et
319 701 468 766 Martialis
508 700 588 764 iuter
620 721 654 764 se
685 699 805 764 collatis
834 722 870 763 ac
896 708 980 764 certa
1009 702 1194 785 etymologia
1216 704 1261 767 in-

123 815 217 872 venta
237 829 358 893 semper
379 807 497 888 paedor
513 807 665 886 poedr'duc
678 806 841 886 predicare
860 804 1055 870 scribendum
1075 828 1142 871 esse
1164 808 1261 872 docet.

210 911 427 997 Diphthongus
460 909 591 992 denique
624 907 835 991 aequoniam
867 907 1047 992 plenissime
1076 919 1182 990 sonat,
1211 911 1262 974 vel

124 1018 195 1081 ideo
226 1018 259 1080 in
292 1016 396 1098 lingua
418 1013 529 1077 Latina
562 1012 736 1077 diutissime
759 1019 881 1076 serrata
907 1022 963 1077 est.
1010 1016 1200 1096 Quamquam
1224 1036 1264 1079 ne

125 1122 200 1184 haec
223 1120 348 1203 quidem
372 1117 559 1182 mutationes
582 1117 707 1180 omnino
729 1117 845 1199 elingit,
869 1118 923 1181 sed
945 1125 1066 1182 mature
1082 1118 1142 1181 iam
1160 1119 1192 1181 111
1207 1119 1263 1182 ali-

126 1234 202 1311 quot
224 1223 381 1289 voeabulis
404 1221 564 1285 delriIItata
585 1225 617 1283 in
642 1244 658 1282 o
682 1235 824 1306 apparet,
851 1229 886 1286 ut
907 1227 1058 1286 testantur
1080 1228 1154 1288 coda
1177 1231 1265 1305 ccicc

120 1333 204 1415 polu
179 1332 271 1394 ulam
301 1329 337 1394 cl.
363 1326 517 1390 naamon
538 1325 575 1389 R.
599 1326 638 1405 Il,
662 1327 692 1390 7.
715 1328 744 1391 8.
788 1324 876 1388 Hanc
906 1328 1131 1411 corruptionem
1159 1351 1266 1414 epro-

126 1433 322 1501 nuntiatione
345 1431 430 1513 vulgi
451 1430 649 1515 potissimum
671 1435 739 1494 rust
740 1429 780 1492 ici
803 1436 901 1493 ortam
924 1430 976 1513 (el
1001 1431 1110 1496 Festus
1133 1454 1163 1517 p.
1189 1433 1266 1516 182)

127 1547 223 1603 semel
246 1535 385 1599 Catullus
407 1534 564 1598 admisit
520 1541 586 1598 tm
610 1555 685 1598 voce
707 1536 799 1597 oracd
787 1533 948 1612 1,1ΧΧ111
973 1537 992 1598 2
1020 1537 1075 1600 ubi
1103 1545 1266 1621 praeeunte

129 1641 284 1724 Scaligero
306 1640 489 1723 interpretes
517 1638 610 1722 vulgo
643 1639 717 1702 dant
750 1641 866 1703 1111111
866 1640 904 1715 lo,
937 1638 1043 1704 dubito
1075 1662 1149 1704 num
1183 1642 1266 1705 iure:

129 1767 203 1810 nam
226 1745 369 1810 librit
321 1750 369 1807 set
370 1744 397 1806 is
421 1743 499 1806 clare
521 1745 669 1827 praebent
690 1744 812 1805 morc'cd
812 1743 946 1824 lcquod
976 1751 1062 1830 praet
1063 1767 1095 1808 er
1116 1745 1176 1808 in1t
1152 1745 1268 1809 tialem

131 1873 160 1915 m
183 1849 232 1913 litt
205 1856 315 1913 tterem
347 1868 453 1911 omnes
478 1847 617 1911 veritatis
648 1866 792 1909 numeros
818 1846 851 1909 in
874 1867 907 1910 se
930 1854 1000 1913 cont
1001 1849 1073 1916 inet.
1051 1849 1268 1913 tStandum

133 1952 254 2019 nasein
279 1951 390 2016 tradita
422 1951 491 2015 lect
469 1957 553 2015 trone
581 1951 676 2035 probe
706 1951 905 2035 dispexerunt
891 1952 1162 2017 tSohwabiuset
1184 1954 1269 2018 Cors-

132 2078 222 2122 senns
244 2057 310 2122 looo
333 2057 413 2120 infra
435 2054 599 2121 afferendo.
644 2055 788 2119 Ceterum
810 2077 847 2119 ex
870 2055 1022 2120 eiusmodi
1037 2056 1214 2121 nominibus
1236 2058 1269 2121 in

128 2182 220 2226 usum
244 2161 407 2225 classicum
430 2159 621 2224 transierunt
643 2161 795 2241 suffocare
822 2162 916 2223 codex
941 2183 1015 2243 copo
1036 2162 1198 2225 codicillus
1220 2183 1270 2224 co·-

123 2268 250 2349 ploderc
272 2266 334 2329 alia
358 2286 435 2348 quae
451 2271 669 2329 commemorat
684 2264 853 2328 Corssenus
869 2265 883 2328 I
905 2287 935 2350 p.
952 2266 1024 2329 655.
1047 2266 1119 2331 651.
1144 2267 1216 2330 660.
1230 2304 1269 2313 -

218 2369 332 2433 Eadem
345 2368 455 2434 deinde
470 2368 680 2455 diphthongus
695 2369 788 2434 etiam
801 2370 832 2432 in
844 2391 869 2433 a
885 2375 1042 2434 attenuata
1057 2376 1114 2449 est,
1127 2370 1213 2433 ouius
1225 2370 1270 2433 rei

131 2473 274 2559 exempla
296 2474 414 2559 passim
437 2480 543 2538 extant
574 2475 658 2560 apud
677 2474 825 2539 Plautum
852 2495 908 2538 nec
935 2474 1047 2539 desunt
1068 2496 1193 2559 prorsus
1214 2474 1271 2537 Lu-

133 2577 229 2640 cretio
253 2579 288 2644 cf.
313 2577 440 2642 Ritsohl.
457 2578 549 2641 Proll.
567 2578 650 2643 'Irin
674 2600 703 2662 p.
720 2577 818 2641 XCVI
842 2584 872 2641 et
893 2578 1015 2642 Laohm.
1039 2599 1147 2643 comm.
1171 2600 1201 2664 p.
1219 2577 1271 2642 85.

133 2681 227 2767 Apud
244 2681 401 2746 Catullum
421 2682 484 2746 tale
500 2682 573 2765 quid
590 2703 650 2745 non
674 2682 835 2766 reperitur,
859 2681 941 2746 unde
963 2682 1042 2746 hano
1061 2683 1273 2764 quaestionem

134 2785 308 2851 omittimus
331 2795 450 2851 tantum
475 2787 565 2851 modo
588 2786 621 2849 id
644 2791 784 2850 notantes
807 2786 861 2868 qui
882 2786 997 2850 Catulli
1020 2787 1153 2850 carmina
1175 2808 1274 2873 nuper

134 2900 353 2956 recensuerunt
375 2911 427 2955 eos
450 2891 605 2954 interdum
628 2890 722 2953 nimis
750 2891 867 2954 cavisse
894 2911 933 2954 ne
955 2897 1063 2975 poetae
1086 2891 1199 2956 formas
1221 2892 1273 2956 ad-

135 2995 305 3059 scriberent
327 2995 430 3059 minus
459 2997 591 3060 urbanas
619 3002 649 3059 et
678 2994 830 3078 elegantes
860 2995 1000 3059 codicum
1029 2995 1079 3060 vel
1110 2996 1163 3060 ubi
1194 2995 1274 3058 inter

135 3122 169 3164 se
192 3098 387 3164 consentiunt
408 3099 583 3164 auctoritati
605 3106 721 3164 temere
745 3099 928 3165 diffidentes.
959 3099 1099 3184 Namque
1115 3099 1274 3165 Catullum

136 3203 261 3268 omnino
284 3224 347 3267 non
375 3204 528 3290 sprevisse
559 3203 710 3268 sermonis
740 3203 841 3288 plebei
870 3203 918 3268 vel
950 3203 1110 3268 familiaris
1134 3203 1275 3268 licentias

138 3308 189 3373 vel
212 3329 249 3371 ex
273 3328 308 3372 eo
331 3314 467 3394 apparet,
491 3307 573 3390 quod
596 3307 679 3371 hand
702 3329 800 3392 pauca
822 3307 905 3392 apud
927 3329 997 3371 eum
1013 3312 1108 3373 verba
1130 3307 1275 3391 leguntur

137 3433 217 3495 quae
238 3411 378 3476 indidem
400 3418 518 3476 constat
539 3413 636 3497 petita
659 3432 734 3478 esse.
780 3412 860 3476 Sunt
891 3418 995 3475 autem
1027 3412 1117 3477 haec:
1152 3434 1275 3497 supper·

137 3525 210 3582 nata
231 3516 330 3594 XVII,
350 3519 399 3583 19.
423 3516 614 3601 salaputium
637 3516 717 3596 Llll,
734 3525 763 3582 5.
789 3522 950 3600 expatrare
973 3516 1135 3596 XXVHII,
1161 3521 1200 3583 16
1223 3517 1276 3601 (of.

138 3621 229 3703 gloss.
253 3621 349 3685 Lahb.
380 3643 408 3706 p.
434 3621 501 3704 69),
535 3626 651 3684 trusare
678 3620 758 3700 LVI,
783 3621 812 3685 6.
846 3619 886 3683 ile
913 3619 1067 3698 LXIIL5
1102 3620 1154 3703 (cf.
1183 3621 1275 3702 gloss.

141 3725 237 3792 Labb.
252 3747 282 3810 p.
299 3726 351 3791 87.
362 3724 493 3809 Hauptii
505 3726 628 3801 Quaest.
641 3724 704 3788 Cat.
721 3747 750 3809 p.
766 3725 831 3811 69).
845 3724 1021 3809 ploremum
1033 3722 1277 3791 Lxxxxvrlo

140 3829 194 3914 (el.
218 3829 386 3906 Quintili
389 3828 521 3913 58)
550 3826 725 3913 carpatinac
753 3827 973 3892 LIXXXXVI
975 3831 1035 3906 ,4.
1083 3828 1150 3903 Qua
1180 3811 1218 3892 de
1245 3850 1277 3892 re

139 3932 213 4000 vide
236 3933 328 3997 etiam
352 3933 507 3997 Schwahii
530 3953 580 4016 qu
604 3935 668 3998 (lta
685 3932 711 4011 I,
733 3934 849 4017 p..33o

502 4139 529 4181 c.
553 4124 595 4178 lio
613 4136 739 4192 syncope
756 4123 915 4180 vocalium.

228 4246 314 4312 Inter
336 4267 372 4310 ea
394 4267 472 4331 quae
495 4246 601 4311 rustici
620 4245 771 4309 sermonis
787 4246 921 4330 speciem
944 4264 1017 4331 prae
1040 4265 1073 4307 se
1096 4244 1210 4320 ferunt,
1233 4266 1278 4306 re-

141 4351 268 4417 ferenda
291 4357 338 4417 est
360 4352 454 4416 etiam
476 4350 646 4415 litterarum
661 4349 817 4416 vocalium
839 4350 871 4413 in
886 4348 998 4413 mediis
1020 4349 1148 4413 vocibus
1171 4347 1278 4413 eiectio
