2872 4852
715 148 758 213 30

168 354 247 418 quae
269 334 403 421 priscam
426 335 563 420 linguam
585 335 770 414 redolerent,
794 336 825 399 id
850 335 929 419 quod
948 335 1064 401 Catulli
1086 344 1150 402 tum
1166 338 1303 403 Lucretii

164 461 239 503 usus
261 439 435 504 luculenter
451 440 547 520 docet,
567 441 613 504 ita
628 441 722 504 etiam
738 441 915 504 inflexione
931 441 1123 523 quorundam
1138 444 1301 507 verborum

164 547 239 607 satis
263 543 363 607 multa
386 552 601 610 remanserunt
623 545 738 609 veteris
762 544 996 608 consuetudinis
1018 547 1157 628 vestigia.
1196 547 1302 611 Cuius-

163 647 248 711 modi
271 648 354 711 enim
376 649 574 713 formationes
596 649 729 712 maxime
751 649 850 734 poetis
873 648 948 713 adeo
972 649 1161 734 placuerunt,
1185 659 1302 715 utnon

164 757 228 815 tam
255 751 450 834 antiquitatis
479 753 581 818 studio
604 753 725 839 abrepti
747 773 838 836 quam
861 755 954 817 metri
976 754 1149 818 rationibus
1172 756 1302 839 permoti

164 855 308 921 licentias
337 877 440 920 earum
469 858 588 942 passim
615 858 676 923 sibi
704 858 890 922 concessisse
917 858 1088 923 videantur.
1137 859 1202 922 Iam
1230 881 1302 924 vero

163 967 200 1025 ut
237 961 269 1024 in
307 960 437 1044 singulis
469 962 506 1025 de
535 960 736 1025 declinatione
758 964 922 1028 verborum
949 962 1050 1045 quoad
1078 984 1158 1027 nunc
1184 963 1223 1027 ad
1246 985 1302 1028 nos

165 1065 320 1151 pertineat
341 1065 551 1148 inquiramus,
575 1065 636 1131 duo
659 1066 857 1153 potissimum
880 1087 990 1148 genera
1012 1057 1197 1132 secernenda
1219 1075 1300 1146 sunt,

163 1170 196 1232 in
225 1170 336 1253 quibus
365 1169 592 1254 perspiciuntur
617 1170 735 1254 priscae
764 1176 795 1234 et
822 1172 971 1252 genuinae
1004 1172 1227 1254 coniugationis
1255 1193 1302 1235 re-

165 1274 291 1356 liquiae.
342 1275 478 1350 Quorum
513 1274 636 1357 quidem
667 1276 762 1339 altero
793 1275 964 1339 continetur
994 1277 1117 1340 ubertas
1151 1276 1302 1359 quaedam

165 1400 234 1442 cum
264 1378 433 1442 formarum
460 1386 527 1441 tum
556 1379 719 1463 praecipue
748 1379 1012 1456 terminationum,
1039 1379 1136 1443 altero
1167 1380 1301 1444 varietas

164 1491 195 1546 et
217 1483 374 1548 fluctuatio
396 1485 430 1547 in
452 1482 628 1547 declinandi
648 1483 832 1549 rationibus.

251 1613 281 1652 α.
305 1587 343 1651 In
364 1588 465 1672 priore
488 1608 596 1670 genere
618 1586 926 1652 animadvertendum
947 1594 995 1652 est

253 1703 280 1760 1.
311 1694 442 1757 verbum
459 1713 551 1774 posse
580 1712 650 1755 cum
677 1691 755 1755 nihil
784 1691 868 1755 aliud
896 1699 937 1757 sit
958 1692 1019 1755 nisi
1040 1693 1242 1777 compositum
1264 1715 1301 1757 ex

164 1796 311 1862 adverbio
326 1801 413 1878 potis
428 1795 479 1858 vel
489 1803 563 1878 pote
578 1801 608 1860 et
623 1796 715 1860 verbo
732 1796 925 1861 substantivo
941 1819 1014 1876 carc,
1037 1797 1112 1861 satis
1128 1797 1301 1880 frequenter

163 1922 226 1965 non
254 1900 356 1965 solum
385 1900 467 1985 apud
498 1907 603 1986 poetas
632 1902 785 1965 scaenicos
813 1901 955 1984 antiquos
978 1906 1008 1964 et
1029 1900 1219 1981 Lucretium,
1248 1901 1302 1965 sed

164 2005 257 2069 etiam
285 2004 367 2090 apud
397 2004 555 2069 Catullum
581 2005 625 2069 ita
652 2005 801 2091 scriptum
828 2013 946 2086 extare,
977 2011 1013 2069 ut
1042 2026 1133 2069 suum
1161 2024 1301 2088 quaeque

166 2109 269 2174 locum
290 2131 351 2174 vox
374 2109 521 2175 obtineat.
560 2108 598 2171 ln
620 2129 680 2192 quo
705 2110 799 2173 simul
814 2109 934 2188 accidit,
956 2118 992 2173 ut
1007 2112 1134 2175 verbum
1151 2109 1302 2175 auxiliare

164 2214 257 2278 modo
280 2214 411 2278 addatur
432 2214 522 2278 modo
546 2213 705 2277 omittatur
727 2219 820 2297 prout
840 2235 903 2277 una
924 2212 1059 2277 alterave
1080 2215 1180 2277 forma
1205 2220 1302 2277 metro

144 2318 286 2383 lacilius
325 2318 533 2401 subiungitur.
592 2318 638 2381 Ac
674 2318 829 2402 separavit
866 2316 1008 2380 Catullus
1046 2316 1123 2381 duas
1159 2317 1303 2384 vocabuli

163 2428 264 2508 partes
288 2422 373 2485 hisce
395 2421 485 2485 locis:
515 2420 597 2507 potis
620 2427 668 2485 est
689 2421 789 2500 LXV,
816 2420 846 2487 3.
869 2419 1002 2499 LXXII,
1032 2424 1061 2486 7.
1084 2418 1227 2501 LXXVI,
1251 2425 1302 2489 24.

163 2527 245 2612 potis
268 2526 310 2591 sit
333 2525 424 2606 CXV,
440 2529 459 2592 3
481 2545 666 2609 quamquam
682 2524 757 2590 haec
771 2525 868 2588 forma
882 2525 985 2589 nescio
1001 2546 1040 2589 an
1055 2527 1167 2591 rectius
1183 2532 1301 2590 contra-

164 2631 266 2696 henda
288 2631 329 2695 sit
349 2631 537 2713 inpetierit,
561 2630 678 2694 utiam
701 2629 807 2715 Lipsio
830 2650 893 2693 var.
917 2629 986 2694 lect.
1010 2629 1026 2692 I
1047 2651 1077 2714 p.
1096 2631 1136 2695 14
1159 2637 1190 2693 et
1205 2651 1303 2714 nuper

164 2736 359 2800 Lachmanno
395 2735 426 2798 in
459 2735 593 2799 Lucretii
624 2734 663 2813 V,
699 2733 760 2800 881
795 2734 897 2798 visum
936 2741 983 2798 est
1014 2739 1136 2818 propter
1170 2733 1303 2797 similem

166 2841 349 2926 scripturam
375 2845 490 2922 potistt
519 2840 550 2902 in
585 2839 642 2904 SC.
676 2838 714 2902 de
745 2838 895 2902 Bacchan.
923 2837 988 2902 Nec
1018 2837 1105 2922 parvi
1133 2837 1191 2901 hac
1216 2837 1249 2901 in
1270 2860 1303 2902 re

164 2943 364 3008 diiudicanda
385 2942 535 3006 momenti
558 2948 605 3006 est
624 2942 705 3026 quod
722 2942 899 3006 sinceriores
916 2941 988 3005 libri
1004 2963 1109 3006 omnes
1124 2942 1156 3004 in
1172 2941 1303 3007 lectione

158 3055 317 3130 potuisset
347 3046 538 3132 conspirant,
571 3045 658 3109 cuius
690 3046 772 3128 origo
806 3045 895 3110 facile
927 3045 1117 3128 intelligitur.
1170 3046 1303 3109 Librarii

165 3152 249 3217 enim
271 3151 352 3216 illud
367 3157 499 3235 petisset
519 3170 589 3214 cum
611 3149 687 3233 quid
709 3150 771 3216 sibi
785 3149 877 3215 vellet
896 3171 957 3215 non
973 3149 1166 3236 dispicerent,
1189 3172 1222 3214 es
1243 3171 1302 3233 quo

164 3256 228 3320 dixi
255 3256 346 3320 modo
375 3260 583 3341 corruperunt.
629 3254 710 3318 Tum
731 3255 873 3319 Lucretio
902 3255 1024 3341 saepius
1055 3253 1211 3336 aliquanto
1229 3262 1304 3336 pote

164 3360 243 3425 dlxit
275 3361 389 3425 omisso
422 3360 514 3423 verbo
545 3359 723 3424 subtantivo
756 3359 840 3422 volut
872 3358 978 3437 XVII,
1001 3361 1053 3424 24.
1090 3357 1247 3435 XXXXV,
1271 3358 1301 3422 5.

164 3465 287 3548 LXVII,
313 3467 362 3530 11.
386 3463 527 3543 LXXVI,
546 3466 595 3529 16.
619 3463 846 3541 LXXXXVIII,
866 3465 878 3525 l
900 3463 938 3528 cf.
955 3462 1044 3544 Verg.
1061 3461 1140 3525 Aen.
1156 3460 1211 3539 III,
1228 3462 1300 3527 671.

164 3571 270 3635 Horat.
288 3569 387 3633 Carm.
411 3568 468 3648 III,
494 3569 543 3648 17,
570 3571 618 3633 13.
640 3567 725 3632 Pers.
749 3566 772 3647 l,
797 3567 848 3631 56.
887 3567 947 3632 Sed
970 3565 1159 3631 infinitivum
1177 3573 1300 3647 potesse

164 3675 274 3739 Plauto
291 3681 321 3739 et
336 3671 478 3737 Lucretio
498 3671 679 3736 familiarem
699 3670 837 3753 aliasque
857 3670 949 3736 huius
964 3669 1050 3735 verbi
1067 3670 1181 3734 formas
1195 3671 1300 3735 minus

162 3779 294 3843 usitatas
328 3797 405 3861 quas
427 3777 499 3840 vide
530 3777 613 3863 apud
643 3775 776 3841 Nerium
797 3774 828 3838 Il
856 3797 886 3860 p.
909 3775 972 3840 467
1001 3794 1061 3857 sq.,
1095 3795 1165 3839 cum
1191 3775 1301 3839 ceteris

163 3883 263 3969 poetis
287 3881 526 3964 elegantissimis
550 3881 690 3946 Catullus
713 3879 836 3943 omnino
860 3878 985 3965 sprevit.

250 3990 279 4052 2.
311 3986 538 4070 Argumentum
560 4005 651 4068 porro
673 3983 790 4049 veteris
820 3983 944 4067 linguae
972 3983 1123 4047 ubertatis
1151 3982 1302 4066 estquod

40 4112 45 4123 ‘
165 4091 338 4156 infinitivus
361 4110 462 4177 praes.
485 4109 565 4175 pass.
590 4088 743 4175 duplicem
765 4087 909 4152 asciscere
932 4093 1034 4171 potest
1054 4086 1300 4151 terminationem

163 4201 178 4259 i
206 4202 236 4260 et
264 4200 323 4273 ier,
359 4215 437 4278 quae
465 4193 564 4257 altera
586 4193 662 4257 satis
684 4192 746 4257 lato
768 4198 927 4279 poetarum
950 4212 1008 4255 usu
1030 4190 1162 4274 vigebat.
1186 4191 1302 4256 Verum

162 4306 267 4365 tamen
294 4299 369 4363 haec
399 4299 565 4363 formarum
586 4295 778 4363 abundantia
799 4317 861 4380 qua
881 4294 1011 4360 Plautus
1034 4300 1065 4358 et
1086 4293 1249 4359 Terentius
1272 4302 1303 4360 et
