2872 4852
120 412 123 417 ⁴
172 434 210 498 cl.
232 429 340 496 Horat.
365 426 421 515 Ep.
443 428 467 509 I,
491 431 520 508 2,
545 432 594 496 25.
618 432 715 495 —In
738 431 881 517 putridus
901 430 1028 512 LXIHI,
1050 434 1111 500 351
1136 440 1225 516 poeta
1248 429 1311 517 syl-

173 538 278 604 labam
300 533 459 622 producit,
484 534 515 599 in
540 535 694 600 similibus
717 534 879 624 Lucretius
912 543 1074 619 utramque
1104 529 1310 619 quantitatem

175 640 360 717 observavit,¹
396 638 449 702 sed
478 639 522 703 ita
544 646 579 703 ut
601 639 699 702 multo
722 639 846 723 saepius
869 639 1016 724 producat
1038 623 1132 722 quam
1155 642 1310 726 corripiat.

257 743 327 807 lam
339 743 432 826 igitur
443 743 622 826 quaestione
638 742 692 806 illa
710 743 748 806 ad
759 743 850 806 finem
860 742 1121 828 perducta'paucis
1136 744 1304 829 explicabi-

173 870 244 913 mus
267 847 473 912 Catullianam
502 848 535 911 in
562 848 619 911 hoc
648 868 755 930 genere
777 848 920 913 metricae
944 847 1125 933 disciplinae
1148 856 1311 912 consuetu·

176 954 291 1019 dinem.
323 951 382 1028 Qui
399 950 526 1034 quidem
549 973 567 1014 a
589 951 713 1033 tragicis
736 947 929 1035 comicisque
944 952 1043 1037 poetis
1066 951 1232 1038 veteribus,
1256 952 1309 1035 qui

175 1060 239 1123 lere
263 1076 368 1121 omnes
391 1055 597 1138 indulgebant
620 1055 751 1139 syllabis
775 1063 844 1120 ante
871 1063 988 1119 mutarn
1012 1077 1080 1119 curn
1105 1053 1225 1137 liquida
1248 1076 1312 1119 cor·
1348 1122 1350 1127 .

174 1161 338 1247 ripiendis,
366 1181 427 1223 non
450 1159 585 1223 multum
613 1159 716 1223 differt
747 1161 854 1243 ibique
881 1168 1000 1224 tantum
1033 1159 1186 1243 positione
1213 1160 1314 1224 utitur

174 1266 228 1330 ubi
251 1286 307 1328 nec
330 1263 448 1347 vulgari
472 1284 528 1326 usu
549 1264 740 1348 imprdbatur
755 1285 810 1328 nec
825 1264 915 1328 aliter
929 1262 1020 1328 metri
1037 1263 1206 1329 rationibus
1221 1264 1314 1327 satis-

173 1369 241 1434 fieri
261 1374 371 1454 potest.
403 1367 502 1431 Multo
526 1367 598 1452 plus
621 1376 747 1432 eatenus
771 1369 830 1435 sibi
854 1368 1003 1432 concessit
1025 1367 1198 1446 Lucretius,
1220 1375 1314 1453 poeta

175 1471 298 1538 Catullo
321 1471 476 1554 aequalis,
509 1472 596 1536 cuius
620 1472 832 1537 auctoritatem
854 1480 962 1556 postea
985 1494 1054 1537 curn
1076 1472 1225 1536 Horatius·
1243 1477 1313 1536 turn

175 1576 333 1660 Vergilius
355 1576 488 1661 maxime
511 1583 644 1640 sectatus
667 1583 724 1640 est.
894 1580 896 1584 ’

221 1688 223 1694 “
261 1680 420 1745 Postremo
444 1679 481 1744 de
500 1680 652 1763 positione
675 1681 752 1743 inter
768 1679 843 1742 duas
859 1701 949 1743 voces
963 1679 1054 1744 modo
1070 1680 1206 1743 admissa
1220 1679 1311 1768 modo

177 1785 315 1850 devitata
337 1782 551 1869 exponendum
580 1780 654 1848 est.n
680 1785 783 1868 Atque
810 1783 895 1847 illam
923 1784 1076 1847 licentiam
1101 1783 1243 1848 Catullus
1266 1800 1312 1847 ce-

178 1881 253 1954 teris
275 1872 368 1971 longe
388 1887 730 1973 frequentius'primum
761 1887 885 1970 quidem
909 1888 1078 1972 assumpsit
1099 1896 1169 1951 ante
1192 1897 1313 1952 mutam

177 2016 249 2070 cum
271 1991 391 2075 liquida
411 1991 459 2054 his
482 1990 574 2056 locis:
598 2000 641 2055 tr:
663 1990 850 2077 Propontida
869 1999 1024 2055 trucemve
1047 1991 1121 2070 ΠΙΙ,1
1141 1993 1171 2057 9;
1185 1991 1238 2071 fr:
1260 2013 1314 2078 per

176 2097 362 2183 impotentia
396 2095 473 2158 freta
510 2095 586 2159 ibid.
618 2097 666 2161 18.
710 2098 761 2158 dr:
799 2095 910 2159 ultima
936 2095 1095 2158 Britannia
1120 2095 1257 2175 XXIIII,
1280 2098 1312 2161 4.

175 2202 295 2278 Quibus
323 2199 471 2264 accedunt
508 2199 607 2264 multo
644 2199 817 2284 compluria
851 2198 1018 2284 positionis
1049 2199 1190 2284 exempla
1228 2200 1314 2266 binis

176 2306 271 2369 mutis
303 2303 415 2387 quibus
451 2303 581 2388 incipiat
611 2303 751 2388 proxima
783 2302 874 2367 dictio
897 2303 1030 2367 effectae.
1074 2303 1114 2367 Et
1136 2303 1314 2386 longissime

180 2410 303 2492 quidem
331 2409 363 2471 in
394 2428 430 2471 ea
457 2428 490 2470 re
518 2405 657 2470 omnium
687 2406 909 2490 dactylicorum
933 2407 1084 2491 processit
1106 2407 1256 2485 Catullus,
1278 2414 1314 2471 ut

158 2513 339 2598 ,apparebit
361 2533 398 2574 ex
420 2511 479 2575 hoc
500 2510 652 2593 indiculo:
675 2518 718 2574 rt:
745 2511 771 2574 si
800 2516 870 2595 pote
894 2510 1042 2574 stolidum
1064 2510 1161 2575 XVII.
1186 2513 1237 2578 24.
1262 2532 1312 2594 ge·

175 2615 237 2680 lida
260 2615 382 2682 stabula
402 2614 517 2693 LXIII,
535 2616 585 2680 53.
610 2620 658 2677 ser
676 2614 796 2679 nefaria
811 2614 926 2700 scripta
942 2614 1137 2682 XXXXIIII.
1156 2617 1205 2682 18.
1221 2615 1311 2681 modo

176 2740 280 2784 scurra
301 2718 403 2798 XXII,
422 2722 461 2786 12
485 2740 669 2803 quamquam
694 2718 731 2782 de
753 2719 810 2782 hoc
833 2717 897 2783 loco
919 2718 1056 2785 dubitari
1071 2726 1181 2806 potest,
1204 2719 1232 2784 si
1247 2720 1315 2802 qui-

175 2824 245 2887 dem
268 2831 358 2909 poeta
379 2824 521 2888 ultimam
545 2823 714 2908 particulae
735 2825 821 2886 modo
845 2823 940 2914 etiam
962 2820 1111 2908 producit.
1157 2823 1237 2887 Tum
1264 2845 1327 2907 sps,

178 2928 268 2992 nulla·
288 2948 358 3014 spes
381 2917 506 3005 LXIIIl,
533 2927 594 2993 186
616 2928 650 2991 in
669 2927 846 2991 hexametro
875 2927 1041 3011 itidemque
1064 2927 1098 2991 in
1120 2934 1312 3013 pentametro

176 3026 303 3109 LXVII,
327 3022 385 3107 323
410 3032 569 3117 supposita
591 3031 743 3117 speculae.
788 3031 948 3095 Lucretius
971 3031 1048 3096 nihil
1071 3053 1107 3095 ex
1129 3032 1187 3095 hoc
1203 3053 1311 3123 genere

178 3136 279 3217 habet,
302 3156 375 3200 nam
398 3157 475 3219 quae
498 3135 579 3220 apud
595 3157 667 3200 eum
682 3135 832 3200 contraria
851 3133 927 3199 olim
942 3135 1120 3218 legebantur
1134 3157 1215 3200 nunc
1229 3155 1314 3221 pror-

178 3261 231 3305 sus
254 3239 415 3304 emendata
437 3247 516 3304 sunt.
547 3240 688 3304 Aliorum
711 3239 792 3304 locos
815 3238 969 3322 congessit
993 3239 1081 3304 Conr.
1105 3238 1316 3312 Schneideril

177 3365 207 3429 p.
226 3345 288 3409 705
311 3343 479 3425 diligentia.
524 3347 567 3409 At
589 3344 780 3408 conservavit
801 3354 905 3407 tamen
927 3343 1069 3407 Catullus
1091 3343 1202 3428 prioris
1225 3364 1314 3407 voca-

171 3447 245 3528 ,buli
276 3447 431 3531 syllabam
458 3451 582 3513 brevem
610 3468 670 3513 uno
694 3448 790 3512 totius
818 3447 892 3512 libri
915 3446 1054 3531 exemplo
1085 3446 1210 3526 LXIIlI,
1233 3448 1313 3513 357:

178 3553 277 3632 ,testis
300 3552 358 3616 erit
379 3554 498 3635 magnis
521 3553 690 3617 virtutibus
712 3551 796 3615 unda
818 3550 1007 3616 Scamandri‘
1031 3557 1102 3615 autc
1124 3569 1236 3616 nomen
1257 3551 1313 3615 sci-

176 3656 249 3721 licet
272 3657 419 3721 Graecum
442 3646 503 3721 nisi
525 3650 726 3742 praecedente
748 3655 849 3721 vocali
880 3662 1016 3741 correpta
1042 3661 1148 3738 metro,
1164 3655 1312 3740 dactylico

176 3760 270 3846 plane
292 3760 440 3845 ineptum.

546 3950 576 4008 4.
604 3951 645 4008 lle
662 3950 787 4008 elisione
804 3951 836 4008 et
853 3951 950 4008 hictu.

216 4133 218 4138 .
262 4095 290 4138 a.
321 4073 426 4138 Priore
450 4073 575 4158 quidem
597 4074 663 4139 loco
692 4080 727 4138 ut
753 4073 787 4136 in
817 4073 978 4138 elisionem
1000 4073 1050 4137 vel
1073 4072 1188 4137 rectius
1224 4093 1313 4158 syna-

177 4175 306 4262 loephen
331 4167 522 4261 inquiramus
545 4191 638 4261 quam
660 4177 758 4242 variis
781 4177 901 4262 legibus
924 4185 1033 4262 poetae
1054 4177 1206 4241 moderati
1229 4183 1313 4256 sunt,

178 4303 266 4346 nemo
290 4283 410 4366 ignorat
432 4280 570 4347 elisionis
589 4288 725 4365 ‘quatuor
747 4281 938 4364 illagenera
958 4280 1177 4347 vocabulorum
1190 4281 1222 4345 in
1238 4280 1315 4345 duas

183 4390 200 4447 t·
368 4385 432 4450 ales
464 4386 671 4452 desinentium
701 4406 779 4470 quae
808 4393 945 4452 accurate
974 4371 1119 4475 distinxit
1140 4380 1314 4470 quibusque
