2872 4852
703 234 861 317 ls'

161 464 253 526 quam
275 464 429 529 syncopen
453 443 609 530 appellare
632 446 856 510 consuevimus.
895 446 998 530 Atque
1021 447 1078 511 hoc
1091 449 1300 515 mutilationis

160 569 254 630 genus
291 549 379 613 cuius
411 549 552 634 exempla
581 571 620 613 ne
647 550 728 634 apud
760 551 1004 634 elegantissimos
1040 553 1165 634 quidem
1190 562 1299 638 poetas

159 654 268 717 aetatis
291 653 448 737 Augustae
472 640 697 732 desiderantur,
721 655 819 719 nihilo
845 656 944 720 secius
967 679 983 719 e
1008 658 1127 738 vulgari
1151 657 1300 741 loquendi
1359 714 1362 721 .

159 778 219 821 usu
250 758 396 841 originem
423 758 553 822 traxisse
584 780 673 823 nemo
702 760 830 842 ignorat.
878 760 915 822 ln
937 761 1079 825 omnibus
1103 762 1183 826 enirn
1209 770 1299 845 quot·

158 869 233 943 quot
271 868 375 926 extant
409 862 524 944 linguis
561 862 807 928 animadvertere
837 864 907 928 licet
930 864 1012 946 vulgi
1046 865 1182 929 studium
1217 889 1298 932 com-

32 1016 35 1022 .
158 966 354 1031 modissimae
376 967 599 1051 facillimaeque
623 967 724 1049 quoad
747 970 811 1031 eius
835 969 901 1032 fieri
917 978 1019 1052 potest
1032 971 1297 1054 pronuntiationis,

158 1072 266 1154 ltaque
289 1072 365 1135 haec
386 1093 477 1136 causa
498 1072 557 1135 luit
579 1093 633 1135 cur
655 1072 770 1136 multas
793 1080 824 1135 et
845 1073 997 1156 pleniores
1020 1075 1168 1138 sermonis
1183 1077 1296 1140 urbani

66 1196 69 1200 ·
158 1198 246 1241 voces
284 1177 456 1260 formasque
484 1177 594 1258 vulgus
628 1176 800 1240 Romanum
828 1177 912 1241 varia
944 1178 1063 1241 ratione
1090 1189 1298 1264 corrumperet

157 1282 223 1346 sive
247 1301 281 1343 eo
305 1280 386 1363 quod
405 1281 541 1364 singulas
565 1280 684 1344 litteras
702 1281 751 1344 vel
774 1290 853 1345 totas
869 1281 1006 1364 syllabas
1020 1282 1051 1344 in
1069 1284 1296 1366 pronuntiando

157 1386 366 1470 supprimebat
397 1382 461 1449 sive
491 1405 525 1448 eo
556 1385 639 1468 quod
660 1386 888 1450 terminationes
911 1394 965 1449 aut
987 1387 1122 1470 graviter
1144 1388 1291 1471 deprava-

158 1491 211 1553 bat
242 1498 294 1554 aut
331 1510 458 1574 prorsus
489 1489 662 1554 abiiciebat.
707 1490 856 1553 Homines
879 1512 950 1555 vero
982 1490 1153 1556 liberaliter
1180 1492 1292 1557 eruditi

156 1594 227 1658 licet
261 1596 300 1660 iis
336 1615 397 1658 non
438 1615 594 1678 nunquam
617 1595 678 1658 fere
701 1595 785 1659 idem
808 1595 891 1677 quod
913 1595 1004 1677 vulgo
1033 1595 1150 1660 accidat
1172 1596 1203 1659 in
1228 1597 1290 1661 elo-

156 1699 293 1781 quendo,
332 1719 451 1762 summo
481 1708 583 1762 tamon
607 1719 696 1783 opere
724 1700 881 1776 nituntur,
921 1705 953 1762 ut
975 1720 1043 1762 cum
1068 1699 1207 1764 scribunt
1236 1700 1294 1763 has

156 1803 295 1867 licentias
322 1803 441 1886 digiant
467 1804 601 1888 exceptis
625 1804 669 1867 eis
691 1824 767 1886 quas
790 1804 907 1888 publici
929 1804 1006 1866 iuris
1028 1803 1100 1867 fecit
1123 1805 1293 1867 communis

159 1909 237 1971 vitae
275 1907 472 1972 consuetudo.
519 1908 569 1972 Sic
606 1908 687 1992 apud
716 1908 873 1972 Catullum
908 1929 1028 1991 quoqne
1068 1908 1169 1973 multa
1199 1909 1293 1972 huius

157 2012 313 2076 eiectionis
337 2012 478 2097 exempla
502 2012 776 2097 deprehendimus,
799 2012 887 2096 longe
909 2021 1012 2075 tamen
1034 2013 1176 2097 pauciora
1198 2034 1293 2095 quarn

156 2116 237 2201 apud
262 2117 447 2197 lucretium,
470 2118 638 2180 formarum
662 2116 834 2200 vulgarium
856 2117 1113 2181 amantissimum.

240 2221 291 2284 Ad
322 2243 388 2285 rem
417 2229 521 2285 autem
553 2214 589 2286 nt
619 2220 815 2300 accedamus,
846 2221 879 2284 in
906 2221 1018 2304 vulgus
1050 2228 1168 2285 constat
1197 2242 1293 2305 quam

155 2327 331 2407 frequenter
360 2346 494 2410 syncope
516 2325 631 2400 vocalis
658 2348 683 2389 a
705 2325 807 2388 locum
829 2325 941 2389 habeat
963 2325 996 2388 in
1018 2326 1144 2391 vocibus
1168 2326 1296 2406 suffixo<

153 2432 260 2493 aalma
283 2429 465 2495 terminatis.
512 2430 598 2492 Hanc
628 2429 721 2514 igitur
744 2429 883 2492 Catullus
906 2429 967 2494 sibi
990 2430 1143 2494 concessit
1164 2429 1196 2493 111
1220 2414 1293 2494 tali·¹

154 2534 210 2597 bus
243 2533 349 2615 qualia
383 2542 473 2599 sunt:
512 2533 647 2598 saeclum
679 2534 710 2612 l,
747 2538 805 2598 lo..
828 2533 935 2611 XIHl,
968 2534 1018 2600 23.
1052 2533 1227 2612 ΧΧΧΧΙΙΙ,
1262 2535 1291 2601 8.

154 2635 281 2714 LXIIH,
293 2639 342 2703 22.
359 2637 522 2716 LXVlllb,
534 2639 587 2702 43.
604 2637 772 2714 LXXVIII,
786 2639 815 2702 9.
827 2638 922 2702 semel
936 2638 1056 2702 saecula
1066 2638 1245 2717 Lxxxxv,
1259 2644 1290 2718 o,

152 2762 242 2827 porro
271 2742 375 2806 vincla
396 2742 533 2820 nxllll,
565 2744 638 2808 367.
668 2742 721 2805 sed
750 2743 865 2827 ubique
888 2743 1059 2828 periculum
1081 2742 1203 2822 XXlll,
1240 2748 1289 2809 11.

151 2846 239 2925 LXI,
272 2847 311 2910 87
340 2855 371 2911 et
397 2848 541 2933 poculum
570 2847 705 2928 LXllll‚
736 2848 788 2914 45.
817 2847 947 2930 denique
977 2847 1112 2912 oraclum
1141 2847 1221 2925 Vll,
1258 2852 1287 2914 ι’).

154 2950 286 3031 LXHII,
310 2952 383 3018 326.
427 2952 498 3036 Egit
520 2952 557 3015 de
580 2952 636 3016 hac
657 2973 689 3014 re
706 2952 875 3016 Corssenus
898 2951 930 3013 ll
955 2974 981 3037 p.
999 2952 1061 3018 523
1085 2971 1130 3033 sq.

240 3055 340 3119 Verbo
376 3056 524 3140 attingam
557 3056 693 3121 vocalem
728 3078 746 3118 a
778 3063 952 3120 constanter
986 3054 1060 3119 elidi
1097 3056 1129 3118 in
1166 3057 1289 3121 nomino

153 3181 322 3242 cupressus
342 3160 470 3224 LXllll.
493 3162 565 3237 291,
589 3161 672 3242 quod
694 3160 842 3224 aGraeco
864 3155 1065 3243 κυπάρισσος
1085 3160 1185 3224 Latini
1206 3182 1289 3225 sum·

151 3272 259 3329 serunt
282 3265 319 3331 cl.
343 3265 481 3330 Corssen.
506 3265 534 3326 ll
561 3286 590 3349 p.
615 3266 686 3330 520.
725 3265 806 3329 Satis
829 3285 919 3348 saepe
941 3263 1057 3327 vocalis
1079 3270 1094 3327 r'
1115 3258 1233 3328 eiicitur
1255 3266 1287 3328 in

150 3378 227 3454 part.
252 3370 326 3455 perf.
350 3390 431 3455 pass,
449 3369 535 3433 verbi
557 3391 671 3451 ponere
686 3369 813 3455 eiusque
828 3389 906 3451 quae
923 3376 996 3432 sunt
1011 3369 1187 3453 composita.
1227 3370 1288 3432 Hie
1318 3381 1324 3390 ·

150 3493 226 3536 usus
265 3473 486 3559 dactylicarum
522 3473 660 3538 omnium
693 3473 828 3536 maxime
860 3472 1001 3557 placebat
1037 3473 1178 3536 lucretio
1218 3481 1287 3557 post

150 3599 280 3660 eumque
310 3599 372 3642 non
395 3600 503 3663 parum
527 3578 620 3642 etiam
643 3577 776 3660 Vergilio
799 3577 890 3640 metri
913 3598 1014 3656 causa,
1036 3599 1097 3641 non
1120 3577 1286 3641 admodum

148 3682 294 3765 frequens
330 3689 377 3747 est
408 3683 488 3767 apud
516 3683 608 3762 aliua,
642 3681 827 3766 displicebat
853 3682 976 3745 omnino
1005 3681 1128 3745 Catullo
1159 3681 1286 3746 Tibullo

149 3786 304 3871 Propertio
327 3793 404 3850 teste
428 3786 612 3852 Schneidero
637 3787 687 3850 Gr.
712 3787 776 3850 bat.
802 3786 814 3847 l
838 3809 866 3869 p.
893 3788 963 3852 171.

234 3891 401 3955 latissimo
429 3912 499 3956 vero
529 3890 623 3976 patet
643 3912 776 3976 syncope
804 3890 956 3954 vocalium
986 3895 1000 3951 r'
1027 3897 1057 3953 et
1085 3913 1100 3953 e
1125 3889 1286 3953 informis

91 4069 94 4074 .
149 3995 306 4080 praeteriti
350 3996 443 4060 activi
481 4005 512 4059 et
548 4003 722 4080 temporum
755 4016 832 4078 quae
866 3995 936 4058 inde
974 3994 1159 4058 derivantur.
1219 3996 1283 4071 Quo

148 4099 242 4164 simul
275 4101 325 4180 fit,
365 4116 397 4164 ut
425 4122 487 4164 nna
509 4100 558 4163 vel
591 4100 680 4164 binae
703 4124 718 4163 r
741 4099 859 4164 litterae
883 4099 1039 4178 excidant,
1066 4099 1139 4180 quia
1162 4098 1282 4180 linguae

146 4204 275 4268 Latinae
298 4216 409 4269 natura
430 4213 520 4288 atque
542 4203 660 4288 indoles
683 4203 811 4267 nimiam
828 4224 1030 4267 consonarum
1046 4202 1284 4267 cumulationem

145 4309 208 4372 refe
384 4310 487 4392 Atque
522 4307 580 4371 hac
609 4307 733 4372 licentia
763 4307 870 4372 rustici
901 4308 1052 4372 sermonis
1084 4328 1145 4371 non
1180 4307 1283 4370 solum

20 4406 25 4415 ’
144 4432 184 4501 pu
392 4412 417 4477 is
440 4420 557 4479 veteres
580 4412 711 4477 scaenici
735 4412 781 4475 usi
805 4418 878 4475 sunt
900 4413 977 4477 satis
998 4413 1201 4494 frequenter,⁴
1228 4412 1281 4475 sed
