2872 4852
690 186 732 249 60

610 273 815 281 --—-..-—.--—

144 381 214 439 ante
238 375 378 440 voculam
401 383 447 440 est
470 376 568 454 XXII,
593 378 622 440 2.
653 375 777 454 LXVII,
794 377 844 440 47.
870 375 1039 456 LXXVIII,
1062 377 1091 441 3.
1109 380 1139 443 5.
1171 379 1288 452 erarn-
1328 400 1347 409 ··

145 500 237 561 quam
260 480 308 543 his
330 478 405 543 Iocis
433 480 568 545 dubitari
598 487 699 566 potest
721 502 796 544 num
820 480 957 545 Catullus
981 482 1102 546 vocales
1125 481 1288 565 contiguas

145 584 224 646 inter
247 605 280 647 se
303 579 493 670 copulaverit
515 606 554 648 an
576 593 618 648 est
640 586 689 647 sui
705 593 789 669 parte
804 586 1002 662 truncaverit,
1027 606 1088 669 qua
1103 585 1142 649 de
1157 605 1190 648 re
1208 585 1290 649 inira

144 710 268 770 agemus
283 689 474 774 explicatius.
540 689 691 753 Similiter
704 689 830 754 fluctuat
842 691 873 753 in
889 711 1036 754 mensura
1050 690 1190 755 adverbii
1197 692 1287 752 modo

145 814 214 855 cum
246 794 311 856 eius
344 794 534 878 compositis,
568 794 611 857 ita
644 793 770 876 quidem
797 803 833 858 ut
861 815 922 858 non
952 794 1075 878 saepius
1101 794 1288 879 correptioni

71 924 74 929 ’
147 918 238 978 quam
271 898 464 983 productioni
495 898 596 962 locum
633 897 784 964 tribuerit.
838 897 890 961 Sic
922 899 1134 983 pyrrhichiaee
1170 897 1312 982 scripta¹

145 1008 250 1065 extant
271 1002 362 1066 modo
385 1002 411 1081 I,
434 1005 462 1067 2.
487 1001 526 1083 X,
550 1001 601 1067 28.
625 1002 709 1081 XXI,
727 1003 755 1081 2,
778 1001 911 1081 XXIIII,
934 1006 964 1068 2.
988 1002 1068 1093 Lvl,
1086 1003 1115 1066 5.
1139 1002 1289 1080 LXXIII,
1309 986 1313 992 ’

146 1105 173 1168 6.
209 1107 370 1189 postmodo
402 1107 504 1186 XXX,
532 1107 578 1170 12.
612 1107 743 1173 iambico
769 1107 852 1170 idem
879 1106 970 1170 modo
1005 1093 1067 1186 III,
1097 1112 1127 1171 9.
1163 1106 1232 1184 XV,
1258 1109 1287 1169 i.

149 1196 256 1287 XXII,
283 1213 330 1278 12.
365 1210 399 1290 L,
422 1213 452 1277 5.
486 1210 576 1288 LIII,
605 1216 630 1275 l.
664 1210 908 1287 LXXXXVIIII,
936 1212 982 1276 1⁶2.
1017 1211 1167 1294 quomodo
1191 1212 1232 1290 X,
1259 1214 1288 1277 7.

147 1314 306 1379 Lueretius
327 1315 406 1380 hanc
428 1315 613 1401 particulam
636 1316 718 1400 quod
741 1313 938 1379 memorabile
961 1320 1008 1378 est
1022 1321 1197 1378 constanter
1212 1323 1290 1379 iarn-
1363 1318 1367 1324 ’

149 1417 214 1481 biee
236 1420 366 1503 protulit
388 1418 438 1503 (ef.
457 1419 577 1484 Kuehn.
592 1444 620 1505 p.
638 1422 704 1506 3i).
751 1420 928 1483 Ceterorum
951 1439 1041 1482 usum
1065 1419 1216 1503 exemplis
1233 1419 1289 1482 ad-

148 1523 303 1588 umbravit
326 1524 411 1588 Neue
435 1525 464 1586 II
488 1547 516 1610 p.
533 1523 725 1590 ola—llis
749 1522 894 1587 accedunt
916 1522 1077 1586 verborum
1101 1524 1218 1588 formae
1243 1524 1290 1587 di·
1362 1574 1366 1579 .

148 1625 288 1710 syllabae
312 1629 399 1693 brevi
421 1628 611 1713 paenultima
634 1649 710 1712 quas
733 1626 782 1691 vel
806 1625 874 1689 ideo
897 1634 1015 1711 praeter
1038 1627 1193 1691 scaenicos
1215 1649 1289 1711 poe·

149 1736 196 1792 tas
219 1731 341 1795 Catullo
374 1732 464 1797 licuit
498 1753 553 1818 pro
585 1731 773 1818 pyrrhichiis
805 1751 964 1815 usurpare.
1010 1731 1056 1794 Ita
1087 1730 1183 1794 semel
1206 1731 1288 1797 dixit

71 1838 75 1843 '
147 1836 221 1896 dubo
245 1834 332 1926 XIII,
359 1838 408 1915 ll,
432 1836 486 1900 sed
507 1837 612 1923 paullo
635 1836 823 1920 frequentius
845 1837 911 1898 ‘colo
935 1835 988 1913 VI,
1013 1837 1062 1899 lo.
1087 1835 1187 1911 XVII,
1212 1839 1232 1901 8
1258 1844 1291 1901 et

147 1940 197 2003 ⁶23.
228 1938 355 2020 XXXV,
380 1943 408 2005 5.
441 1941 522 2019 LXI,
546 1944 620 2007 216.
667 1942 807 2005 Ceterum
839 1938 970 2023 paucula
996 1939 1070 2002 haec
1105 1945 1135 2002 et
1168 1940 1292 2004 similia

35 2061 38 2067 ’
148 2063 226 2126 quae
248 2045 365 2127 passim
389 2046 470 2131 apud
494 2046 571 2109 alios
588 2046 653 2109 eius
670 2047 780 2110 aetatis
798 2044 964 2127 dactylicos
980 2044 1195 2122 inveniuntur,
1219 2066 1291 2109 cum

149 2147 224 2210 satis
248 2158 426 2231 argumento
450 2150 513 2215 sint
536 2151 711 2214 cautissime
728 2149 911 2215 vetustiores
927 2148 998 2212 illos
1021 2154 1126 2233 poetas
1149 2157 1291 2214 versatos

57 2248 61 2342 j
84 2309 87 2314 .
147 2274 214 2316 esse
237 2254 268 2316 iu
292 2254 469 2319 breviandis
484 2255 661 2319 numinibus
677 2254 826 2331 iambicis,
843 2253 990 2338 proximis
1004 2252 1076 2316 iude
1092 2256 1131 2318 ab
1146 2236 1291 2338 Augusto

57 2381 61 2388 ’
147 2360 336 2443 temporibus
360 2379 421 2421 uon
445 2358 547 2422 solum
577 2358 652 2422 haec
672 2358 774 2441 iisque
798 2365 924 2440 cognata
946 2357 999 2422 sed
1023 2359 1116 2421 etiam
1139 2357 1289 2442 hyperdi-

148 2462 272 2544 syllaba
294 2462 478 2546 corripiendi
511 2463 571 2526 late
595 2462 747 2525 succrevit
769 2462 896 2524 licentia
917 2469 996 2526 teste
1018 2463 1051 2528 L.
1075 2456 1226 2526 Muellero
1251 2462 1291 2526 de

147 2589 179 2630 re
201 2573 291 2630 metr.
315 2589 344 2652 p.
362 2569 424 2634 337
442 2589 487 2650 sq.
519 2567 634 2630 Vernrn
657 2589 695 2629 ex
717 2566 766 2630 his
789 2588 886 2629 unum
909 2567 1010 2630 afferri
1032 2572 1134 2651 potest
1158 2569 1290 2631 verbum

150 2679 248 2734 acacio
272 2675 477 2756 compositum
509 2671 572 2734 iam¹
599 2671 734 2753 antiquis
761 2671 858 2756 poetis
888 2672 1117 2757 comprobatum
1138 2656 1291 2734 'mensura
1351 2734 1355 2741 ,

150 2775 300 2857 dactylica
330 2777 366 2840 cf.
391 2776 521 2842 Ritsehl.
546 2776 639 2841 Proll.
665 2775 749 2838 Trin.
774 2798 804 2860 p.
822 2775 968 2842 CLXVII.
1014 2775 1078 2838 Nee
1110 2774 1239 2838 recessit
1270 2796 1291 2837 a

150 2879 269 2963 vulgari
304 2881 522 2945 consuetudine
557 2881 698 2946 Catullus
732 2887 767 2943 ut
799 2879 935 2943 iudicant
968 2879 1026 2943 loci
1054 2881 1099 2958 II,
1123 2880 1152 2942 6.
1177 2878 1230 2956 VI,
1255 2879 1285 2942 4.

148 2983 231 3062 LIII,
250 2989 275 3050 1.
294 2984 418 3064 LXXX,
435 2986 462 3049 5.
486 2984 637 3063 LXXXV,
655 2988 683 3051 2.
691 2987 715 3071 ¹)

105 3140 109 3147 .
237 3087 356 3163 Quibus
380 3089 533 3174 expeditis
555 3096 650 3154 restat
672 3089 882 3172 quaerendum

380 3245 410 3301 2.
433 3239 475 3300 lle
493 3245 627 3301 brevium
646 3246 828 3315 syllabarum
847 3245 1053 3315 productione.

239 3352 304 3426 Quo
328 3351 359 3414 in
381 3372 490 3434 genere
506 3351 614 3417 licebit
636 3351 724 3415 nobis
747 3351 860 3415 maiore
875 3372 956 3414 nune
973 3350 1124 3416 brevitate
1141 3348 1196 3424 uti,
1218 3370 1289 3412 eum

151 3454 297 3538 pauciora
325 3462 432 3520 extent
462 3476 539 3538 quae
563 3455 704 3519 Catullus
734 3462 856 3518 tantum
884 3476 945 3518 nen
977 3454 1125 3538 singulari
1155 3453 1288 3537 quadam

150 3558 267 3622 ratione
290 3558 351 3622 sibi
374 3560 534 3623 concessit.
566 3560 647 3623 Ante
667 3560 770 3624 omnia
785 3580 858 3623 vero
875 3559 935 3622 hue
950 3559 1107 3643 pertinent
1122 3559 1291 3622 verborum

150 3664 268 3727 formae
291 3664 528 3727 consonantibus
550 3663 653 3727 linitae
676 3683 753 3745 quas
776 3663 876 3748 priseo
892 3671 1028 3746 tempore
1044 3669 1163 3726 constat
1178 3684 1291 3747 magna

150 3789 188 3830 ex
212 3778 299 3851 parte
321 3787 376 3851 pro
399 3766 498 3850 longis
520 3774 683 3852 usurpatas
706 3788 781 3831 esse.
827 3771 930 3849 Atque
959 3752 1089 3830 easdem*
1110 3766 1192 3851 apud
1215 3767 1305 3831 clas.

150 3871 229 3936 sices
251 3877 358 3956 poetas
382 3870 565 3955 plerumque
587 3871 620 3934 in
642 3871 842 3956 correptionis
858 3871 1059 3934 constantiam
1074 3871 1189 3935 abiisse
1204 3893 1292 3955 prae-

151 3976 240 4060 cipue
263 3996 319 4039 nos
342 3974 430 4039 docet
455 3976 652 4040 Lucretianus
674 3997 765 4052 usuS,
795 3976 826 4038 in
850 3975 938 4038 cuius
961 3976 1096 4038 carmine
1118 3974 1199 4037 nihil
1223 3976 1291 4039 cius

150 4080 235 4144 modi
257 4079 408 4143 libertatis
431 4087 511 4143 certe
535 4079 700 4164 reperiturz
733 4101 804 4142 nam
839 4100 936 4141 unum
968 4079 1048 4161 quod
1078 4079 1292 4143 consuetudini

151 4186 217 4250 eius
240 4183 396 4248 adversari
418 4183 541 4248 videtur
558 4184 731 4270 exemplum
740 4184 849 4266 sculpet
864 4182 903 4261 II,
920 4185 960 4246 ’27
976 4183 1118 4268 pluribus
1136 4182 1173 4246 de
1190 4184 1291 4247 causis

221 4360 247 4426 1)
264 4361 330 4413 Vide
348 4362 425 4413 etiam
444 4361 549 4428 Hauptii
568 4362 667 4413 observ.
688 4361 743 4413 crit.
762 4377 787 4426 p.
804 4359 843 4412 18.
