2872 4852
660 256 757 352 ll..

196 444 413 531 Diphthongus
435 454 469 511 oi
488 468 566 531 quae
588 445 651 509 iam
673 445 745 509 inde
766 467 785 509 a
807 444 1000 532 temporibus
1022 444 1115 531 primi
1137 444 1245 507 Punici

108 548 190 614 belli
212 550 246 613 in
265 572 299 615 oc
320 550 481 617 debilitari
504 556 611 635 coepta
633 556 690 630 cst,
713 557 783 634 post.
799 549 1004 613 Gracchorum
1024 554 1154 613 aetatem
1173 568 1246 631 pau-

109 652 203 717 latim
223 653 256 719 iu
275 676 301 719 a
322 656 448 720 transiit
468 663 611 719 monento
634 655 783 719 Gorsseno
807 653 822 715 I
843 676 871 739 p.
889 656 952 721 709
974 675 1019 737 sq.
1063 654 1102 717 Et
1117 653 1246 717 alteram

112 756 235 841 quidem
270 780 325 844 por
360 782 395 825 oc
429 759 644 844 scriptionem,
682 758 771 823 cuius
798 758 943 843 exempla
969 779 1025 822 nee
1052 758 1161 821 Plauto
1191 778 1247 820 nee

113 861 250 927 Lucretio
272 862 387 928 desunt
408 862 458 948 (cf.
476 863 607 928 Ritschl.
630 862 652 926 l.
676 884 706 926 n.
729 870 761 927 ct
782 862 902 927 Kuehn.
923 862 1046 938 Quaest.
1062 862 1147 927 Lucr.
1168 885 1197 944 p.
1215 862 1246 937 5)

110 970 217 1031 notum
239 972 289 1032 est
309 967 344 1031 in
364 968 464 1033 tribus
479 967 648 1045 vocabulis,
672 987 750 1051 quae
766 973 839 1031 sunt
853 966 958 1045 Poeni,
982 987 1090 1052 poena,
1112 965 1244 1044 moenia,

108 1069 159 1133 vel
181 1092 201 1135 a
222 1090 365 1135 sermono
386 1072 508 1137 florenti
529 1072 628 1135 solam
650 1070 783 1154 agnosci.
826 1072 869 1135 At
889 1092 1000 1135 vocum
1022 1077 1126 1135 tamon
1148 1069 1247 1154 prisco

107 1194 194 1239 more
224 1196 280 1260 per
301 1175 526 1261 diphthongum
548 1182 582 1239 oi
601 1175 829 1259 designatarum
857 1175 955 1240 multo
978 1174 1123 1261 pauciora
1144 1180 1249 1237 extant

109 1278 287 1343 testimonia
323 1280 358 1343 in
394 1280 483 1346 libris
519 1279 736 1363 dactylicarum
774 1280 979 1364 posteriorum
1016 1286 1048 1344 et
1078 1301 1117 1343 no
1151 1299 1249 1341 unum

109 1382 239 1467 quidem
266 1390 385 1448 certum
416 1384 449 1449 in
478 1385 612 1449 carmine
634 1383 770 1448 Lucretii
798 1384 941 1467 quamvis
969 1390 1005 1448 ut
1031 1382 1157 1447 aliunde
1180 1403 1249 1445 con-

110 1491 173 1551 stat
199 1492 392 1553 vetustarum
422 1489 589 1553 formarum
620 1487 760 1553 studiosi.
812 1487 904 1573 Apud
936 1488 1092 1553 Catullum
1124 1485 1248 1569 quidem

110 1588 179 1655 eius
207 1590 294 1656 modi
322 1593 474 1678 scriptura
495 1592 618 1679 saepius
640 1592 768 1657 occurrit
789 1593 821 1655 in
843 1593 942 1658 ferma
963 1591 1152 1677 pronominis
1174 1594 1252 1673 qaor'

110 1715 166 1779 pro
189 1701 253 1776 cui,
276 1704 311 1760 ut
332 1697 485 1762 indicatur
506 1697 555 1762 his
576 1698 664 1762 locis:
689 1697 714 1777 I,
734 1702 758 1762 1.
780 1697 821 1777 II,
838 1703 867 1763 3.
883 1697 983 1776 XVII,
1003 1698 1053 1760 14.
1068 1694 1203 1773 XXIIII,
1218 1694 1248 1757 5.

110 1797 237 1878 LXVII,
259 1800 313 1865 47.
336 1801 446 1881 LXXI,
472 1805 487 1866 l
513 1802 565 1886 (cf.
588 1801 718 1886 Hauptii
734 1803 857 1879 Quaest.
875 1802 941 1867 (lat.
958 1824 985 1887 p.
1002 1804 1067 1887 93).
1106 1799 1202 1878 CVII,
1221 1801 1248 1861 l.

111 1901 151 1966 de
196 1903 371 1969 coniectura
406 1904 570 1972 Ribbeckii
606 1927 675 1971 ann.
709 1905 799 1974 Jahn,
837 1906 976 1970 LXXXV
1012 1928 1040 1990 p.
1079 1907 1142 1970 378
1180 1925 1250 1967 cum

112 2006 276 2073 Schwabio
299 2009 377 2073 mibi
398 2009 627 2096 probatissima.
671 2008 707 2072 In
729 2010 909 2073 universum
932 2016 1035 2073 autom
1057 2029 1182 2072 necesse
1203 2013 1251 2071 est

112 2110 375 2178 animadvertatur
402 2113 482 2177 illud
504 2119 584 2198 quoi
607 2134 645 2176 ne
672 2134 732 2177 uno
765 2111 889 2196 quidem
918 2113 1027 2177 horum
1049 2113 1183 2177 locorum
1206 2112 1251 2174 ita

112 2221 270 2281 exaratum
308 2218 447 2302 praeberi
480 2216 650 2295 codicibus,
687 2216 742 2280 sod
771 2217 908 2281 maxima
930 2239 968 2281 ex
990 2224 1077 2301 parte
1100 2215 1246 2279 Italorum

112 2320 380 2403 grammaticorum
402 2321 667 2387 emendationibus
690 2320 795 2386 deberi
818 2343 922 2386 omncs
943 2322 1083 2386 veritatis
1106 2339 1249 2383 numeros

115 2422 189 2489 adeo
219 2425 253 2488 in
283 2446 316 2489 so
345 2426 588 2504 continentibus,
621 2432 656 2490 ut
677 2447 715 2489 ne
738 2426 868 2510 paulum
892 2427 1016 2510 quidem
1039 2427 1077 2489 de
1098 2425 1138 2488 iis
1160 2423 1250 2488 hodic

116 2528 279 2612 quisquam
301 2529 431 2595 dubitet.
468 2530 553 2595 Libri
576 2530 722 2595 uidelicet
744 2531 909 2594 Catulliani
931 2532 1071 2616 plerique
1094 2537 1124 2595 et
1143 2528 1251 2615 optimi

113 2632 145 2698 ll
169 2655 210 2698 ce.
236 2634 298 2697 fere
319 2634 436 2717 ubique
459 2640 520 2718 qai
539 2634 663 2712 habent,
687 2635 782 2698 semel
804 2635 834 2700 h.
858 2656 883 2701 e.
901 2635 1012 2715 LXXI,
1032 2638 1048 2698 1
1074 2657 1147 2719 qao,
1170 2631 1252 2696 unde

115 2737 290 2802 necessario
314 2737 521 2820 colligendum
544 2739 645 2802 estin
668 2739 841 2822 archetypo,
864 2739 904 2801 ad
927 2739 1009 2822 quod
1024 2760 1129 2804 omnes
1145 2743 1252 2822 poetae

115 2840 234 2906 codices
266 2842 449 2926 superstites
480 2842 630 2905 referendi
659 2848 749 2920 sunt,
782 2842 857 2905 olim
879 2848 959 2925 quot
979 2843 1126 2927 seriptum
1148 2841 1252 2919 fuisse,

115 2945 199 3029 quod
221 2967 290 3010 cum
313 2945 429 3011 indocti
448 2946 567 3010 librarii
589 2946 740 3030 explicare
762 2967 824 3010 non
843 2953 979 3032 possent,
1001 2947 1057 3012 illo
1078 2946 1169 3010 modo
1184 2967 1251 3031 per-

114 3056 287 3115 verterunt:
324 3072 396 3114 nam
433 3056 464 3114 et
497 3071 622 3114 sensum
656 3057 687 3115 et
715 3051 880 3115 verborum
913 3058 1100 3117 structuram
1128 3051 1154 3112 si
1184 3071 1252 3113 corr-

116 3154 311 3232 sideraveriS,
336 3154 466 3218 formam
487 3160 567 3238 qemi
587 3155 731 3220 omnibus
753 3138 931 3223 nominibus
955 3164 1068 3221 certam
1082 3175 1148 3218 esse
1163 3153 1253 3217 facilc

115 3257 286 3341 intelleges.
331 3258 612 3342 Frequentissimus
644 3265 692 3324 est
727 3260 822 3325 huius
859 3261 1027 3345 scripturae
1058 3279 1133 3322 usus
1156 3258 1189 3321 in
1210 3258 1255 3320 in-

116 3361 334 3447 scriptionibus
357 3370 388 3428 et
409 3369 551 3427 veterum
573 3369 732 3447 poetarum
756 3364 879 3442 fabulis,
903 3385 964 3448 qua
986 3363 1023 3427 de
1046 3383 1079 3425 rc
1102 3363 1138 3425 cf.
1163 3362 1252 3425 Gors-

116 3486 211 3531 senus
235 3467 251 3529 I
273 3489 304 3551 p.
322 3469 384 3532 706
407 3473 438 3531 ct
460 3467 491 3529 II
512 3488 541 3552 p.
560 3469 632 3534 760.
655 3506 698 3514 -
721 3468 845 3545 Quintil.
867 3468 891 3543 I,
914 3470 943 3545 7,
968 3469 1017 3533 27.

203 3571 335 3635 Accedit
345 3570 479 3635 varietas
502 3570 678 3655 scriptionis
701 3577 731 3634 ei
751 3577 782 3635 et
802 3577 817 3635 c'
837 3571 869 3634 in
891 3572 940 3635 his
962 3570 1122 3656 particulis
1145 3571 1252 3636 obvia:

115 3674 166 3738 nei
180 3674 235 3752 VI,
260 3676 279 3739 2
302 3674 492 3739 Lachmanni
514 3681 577 3738 arto
600 3676 790 3755 restitutum3
812 3675 886 3740 libri
909 3675 988 3738 enim
1011 3680 1159 3758 quotquot
1181 3680 1255 3738 sunt

116 3778 294 3843 sinceriores
316 3778 457 3843 voculam
487 3801 523 3842 oc
550 3778 749 3864 suppeditant
778 3780 934 3845 defensam
957 3785 988 3842 et
1009 3779 1194 3864 explicatam
1215 3779 1254 3842 ab

115 3882 231 3946 Haasio
261 3881 300 3945 ad
322 3882 451 3965 Reisigii
480 3882 573 3946 schol.
603 3883 655 3948 lat.
678 3905 708 3967 p.
733 3884 795 3946 524
818 3892 879 3947 net.
925 3882 986 3946 Sed
1008 3882 1150 3968 probavit
1171 3882 1255 3946 idem

116 3985 172 4049 ille
193 3986 243 4050 vir
265 3985 373 4050 doctus
394 3985 512 4051 ibidem
535 3987 628 4049 etiam
650 3986 778 4050 alteram
800 3993 836 4050 ai
848 3986 1030 4072 scripturam
1049 3987 1256 4050 consentiente

116 4089 363 4175 Umpfenbachio
384 4090 488 4156 molet.
510 4090 612 4154 Plaut.
634 4112 665 4174 p.
689 4092 739 4156 66.
784 4090 826 4155 Ut
848 4092 1081 4155 concinnitatem
1105 4090 1252 4154 orationis

117 4214 211 4277 quam
242 4200 332 4279 poeta
368 4214 430 4256 uon
461 4194 559 4258 nullis
589 4193 760 4275 neglexisse
783 4195 963 4276 videbatur,
999 4216 1070 4257 cum
1092 4195 1254 4260 scriberet:

117 4297 180 4377 ,nei
217 4298 280 4362 sint
312 4296 456 4383 illepidae
486 4304 578 4381 atqua
605 4297 794 4380 inelegantes
838 4300 933 4363 velles
956 4298 1056 4362 dicere
1078 4319 1134 4362 noc
1156 4304 1256 4363 tacere

115 4410 232 4487 posses
248 4401 368 4467 Catullo
389 4401 562 4483 redderent,
585 4400 798 4467 Froehlichius
819 4402 852 4466 in
868 4425 958 4473 versu
973 4403 1076 4499 priore
1091 4408 1126 4465 ai
1140 4411 1248 4484 arceat,
