2872 4852
602 447 720 573 cnr.
745 491 797 572 n.

413 681 477 762 De
511 679 747 784 prosodia
783 679 981 761 Catulli.

214 857 263 919 Ad
301 857 380 920 hanc
416 857 492 920 artis
520 855 714 920 Catullianae
743 862 861 940 partem
889 856 917 916 si
945 856 1015 938 quis
1036 856 1114 920 forte
1136 856 1267 920 miratur
1368 854 1381 877 ’

128 981 178 1023 mo
200 966 270 1045 post
293 982 329 1023 ea
351 981 430 1044 quae
449 961 512 1024 iam
534 959 676 1025 Nobbius
699 968 734 1022 de
757 959 865 1022 metris
888 959 1002 1051 Catulli
1024 981 1054 1043 p.
1080 960 1209 1024 16-24
1232 960 1269 1024 do

133 1064 191 1127 illa
228 1065 353 1147 quidem
390 1066 424 1127 in
446 1064 581 1128 medium
604 1064 740 1148 protulit,
765 1083 871 1126 rursus
894 1063 1037 1127 accedere
1060 1085 1153 1128 causa
1175 1064 1268 1128 huius

128 1169 176 1232 rei
205 1168 277 1232 inde
304 1168 469 1254 repetenda
495 1167 646 1251 estquod
670 1168 717 1230 vir
739 1167 793 1230 ille
816 1167 980 1248 aliquando
1004 1167 1151 1252 deceptus
1173 1176 1270 1232 totam

129 1273 208 1336 11111
236 1273 449 1356 quaestionem
471 1295 531 1336 non
554 1271 645 1336 modo
668 1272 736 1334 sine
760 1272 811 1334 via
826 1271 957 1353 quadam
975 1278 1005 1335 et
1020 1271 1140 1336 ratione
1156 1273 1267 1354 attigit,

129 1376 183 1439 sed
207 1377 299 1440 etiam
321 1378 479 1462 permulta
499 1397 559 1439 non
583 1396 620 1439 ea
642 1396 702 1459 qua
725 1396 780 1459 par
802 1382 848 1438 est
870 1396 941 1438 cura
964 1382 995 1439 et
1018 1375 1179 1459 diligentia
1193 1382 1268 1440 trac-

130 1481 211 1545 tavit
232 1481 315 1544 haud
338 1482 383 1544 ita
401 1483 613 1566 paucisrebus
629 1500 708 1561 quae
723 1479 763 1542 ad
780 1501 869 1544 usum
885 1488 994 1564 poetae
1011 1481 1059 1543 vel
1076 1481 1109 1543 in
1125 1481 1267 1545 minutiis

133 1585 376 1649 adumbrandum
399 1584 556 1670 pertinent
578 1605 704 1670 prorsus
728 1584 858 1649 omissis.
901 1584 1039 1648 Catullus
1061 1586 1142 1648 enim
1166 1606 1269 1668 quam-

132 1709 225 1771 quam
267 1689 301 1751 in
338 1693 498 1754 verborum
540 1690 695 1753 mensuris
737 1689 919 1773 plerumque
955 1708 1092 1752 nonnam
1130 1691 1271 1773 sequitur

132 1794 233 1878 poesis
256 1793 384 1857 Latinae
407 1794 501 1856 semel
526 1794 733 1871 constitutam,
757 1797 859 1855 tamen
882 1814 944 1855 uon
967 1793 1079 1857 desunt
1101 1795 1132 1857 in
1156 1794 1269 1877 quibus

129 1900 168 1963 ab
192 1897 378 1980 elegantiore
402 1897 606 1982 posteriorum
627 1897 743 1960 ratione
765 1917 801 1958 ac
823 1897 1042 1962 consuetudine
1066 1897 1268 1983 (1111111111)-

128 2002 259 2086 piusque
282 2001 321 2063 ad
344 2001 536 2083 antiquiores
558 2007 663 2085 poetas
685 1999 817 2063 accedat.
865 2000 972 2083 ltaque
995 2002 1098 2065 omnia
1120 2003 1181 2066 ista
1209 2003 1267 2066 sub

131 2125 191 2170 uno
230 2111 395 2190 conspectu
433 2106 534 2190 posita
569 2126 629 2168 non
653 2103 751 2185 magis
774 2123 933 2188 speramus
957 2090 1011 2188 per
1033 2125 1064 2168 se
1087 2107 1152 2169 fore
1174 2107 1269 2170 utilia

129 2230 223 2292 quam
245 2231 426 2294 persuasum
449 2209 598 2274 habemus
621 2208 764 2291 quisquis
787 2228 913 2270 manum
935 2208 1069 2272 criticam
1084 2209 1265 2274 admoturus

129 2314 172 2377 sit
195 2313 325 2391 Catullo,
349 2314 378 2377 ei
400 2314 529 2377 minime
552 2333 619 2376 esse
642 2311 828 2395 negligenda.

214 2419 284 2483 Jam
306 2418 401 2501 igitur
423 2419 455 2481 11
478 2417 536 2480 hac
558 2438 590 2480 re
613 2424 648 2480 ut
671 2415 829 2481 ordiamur
852 2416 1010 2501 disputare

376 2592 402 2647 1.
433 2593 474 2647 De
491 2592 649 2658 longarum
668 2590 814 2646 vocalium
833 2591 1023 2659 correptione

128 2714 265 2800 primum
288 2715 321 2777 in
344 2714 559 2796 quaestionem
582 2712 738 2777 vocandae
761 2718 833 2775 sunt

216 2845 246 2883 α.
286 2818 407 2883 vocales
434 2818 466 2880 in
497 2817 581 2880 exitu
609 2817 734 2899 quidem
757 2816 976 2881 vocabulorum
998 2817 1134 2902 positae,
1163 2823 1267 2880 tamen

128 2923 167 2986 ab
199 2923 270 3007 ipsa
298 2921 515 2986 terminatione
538 2922 689 2985 exclusae.
735 2921 909 2984 Generatim
933 2943 1006 2985 vero
1028 2920 1199 2985 notandum
1222 2929 1268 2985 est

128 3028 159 3090 iu
183 3026 289 3108 lingua
312 3026 423 3090 Latina
444 3025 664 3109 antiquissima
686 3025 785 3089 multo
808 3024 913 3108 plures
937 3025 1034 3089 fuisse
1057 3026 1178 3090 vocales
1200 3047 1268 3110 pro-

129 3131 254 3209 1111111,
292 3130 324 3193 id
352 3129 434 3213 quod
456 3136 596 3193 veterum
618 3149 680 3193 non
702 3136 766 3192 tam
788 3136 1060 3194 monumentorum
1083 3150 1176 3213 quam
1199 3150 1267 3214 poe-

128 3242 231 3299 tarum
254 3233 425 3317 scripturae
448 3233 541 3296 etiam
564 3255 646 3297 nunc
669 3233 750 3297 clare
772 3228 933 3298 testantur.
979 3236 1022 3298 At
1044 3255 1098 3318 per
1119 3233 1268 3319 temporis

127 3345 228 3402 tamen
270 3338 432 3401 decursum
471 3336 543 3400 illae
582 3337 708 3421 quidem
736 3338 835 3420 magis
865 3338 1024 3421 magisque
1048 3344 1172 3423 coeptae
1197 3343 1270 3401 sunt

130 3442 264 3508 breviari
297 3441 404 3504 eadem
433 3441 552 3505 ratione
580 3463 640 3525 qua
667 3442 699 3504 in
722 3442 792 3505 aliis
815 3462 936 3525 quoque
959 3442 1050 3506 rebus
1073 3441 1181 3523 lingua
1201 3462 1268 3525 pro-

131 3547 225 3611 cessit
246 3546 427 3630 asperitates
449 3546 617 3610 formarum
640 3545 819 3633 removendi
840 3546 982 3632 inprimis
999 3546 1147 3623 studiosa,
1171 3565 1268 3627 usque

130 3650 204 3714 dum
244 3649 400 3714 Ciceronis
438 3656 538 3713 aetate
575 3650 613 3713 ad
637 3671 789 3713 summam
813 3656 1006 3713 venustatem
1029 3657 1060 3713 11
1082 3649 1269 3732 elegantiam

130 3762 237 3818 evecta
259 3761 316 3818 est.
355 3753 463 3837 Neque
486 3753 525 3816 ad
548 3754 754 3839 corripiendas
778 3754 899 3818 vocales
914 3760 1022 3818 nutura
1037 3755 1144 3836 longas
1160 3775 1269 3838 parum

130 3857 267 3922 valuisse
290 3857 544 3921 consuetudinem
567 3865 727 3942 poetarum
749 3858 841 3922 metri
864 3859 1037 3925 rationibus
1060 3865 1093 3921 ut
1108 3857 1154 3921 cui
1175 3857 1269 3922 inter-

130 3961 204 4025 dum
227 3962 319 4025 nimis
342 3960 447 4045 inepta
470 3969 550 4025 esset
573 3962 764 4046 syllabarum
787 3963 945 4045 longarum
969 3961 1171 4039 coacervatio,
1203 3984 1268 4046 per-

131 4087 222 4152 saepe
245 4065 472 4147 indulgentium
495 4066 694 4130 manifestum
718 4073 765 4130 est
787 4074 965 4149 constatque
988 4067 1068 4129 inter
1090 4086 1205 4130 omnes.

216 4169 287 4233 Jam
315 4168 398 4251 quod
424 4171 623 4254 exposuimus
651 4171 785 4234 maxime
809 4172 942 4235 cernitur
965 4171 997 4233 in
1019 4170 1169 4252 genetiuis
1191 4169 1267 4253 sing.

129 4274 345 4360 pronominum
374 4273 593 4338 adiectivorum
621 4274 729 4338 in-c'us
755 4273 951 4353 cadentibus,
981 4296 1110 4358 quorum
1141 4273 1268 4359 paenul-

130 4379 238 4443 timam
259 4399 327 4441 cum
344 4378 461 4460 origine
482 4379 526 4441 sit
541 4378 697 4464 producta,
721 4400 789 4441 cum
805 4379 915 4443 ceteris
929 4378 1069 4442 Catullus
1086 4377 1269 4462 plerumque
