2872 4852
687 151 729 214 22

145 341 278 405 maxime
295 339 406 404 Ovidio
422 346 452 402 et
466 340 625 424 Propertio
649 338 811 403 familiaris
835 345 891 417 est,
914 345 984 402 ante
1001 359 1078 420 quos
1094 359 1132 401 ne
1143 337 1288 401 Catullus

146 445 272 529 quidem
294 444 416 508 videtur
438 444 530 507 talem
553 443 651 508 dativi
672 445 802 507 formam
825 463 950 528 prorsus
973 442 1104 523 fugisse,
1128 441 1155 503 si
1179 463 1288 504 verum

147 556 193 612 est
216 549 350 611 Nuieer'a
372 547 447 610 illud
472 548 552 630 quod
575 547 709 626 LXHH,
733 550 794 613 287
826 569 881 632 pro
910 555 1107 610 monstruosa
1130 545 1288 608 librorum

150 652 302 738 scriptura
324 653 472 715 Minoeim
496 673 563 715 cum
593 651 761 715 multorum
784 651 1006 736 approbatione
1030 649 1159 713 coniecit
1180 649 1287 733 Haup-

146 757 211 821 tius
234 756 267 819 in
290 756 409 821 observ.
434 755 499 820 crit.
522 778 553 840 p.
570 757 620 822 69.

234 861 263 924 8.
287 859 506 923 Accusativum
530 859 661 941 denique
683 858 791 922 tertiae
816 858 1028 923 declinationis
1051 856 1090 920 ad
1113 856 1288 938 analogiam

152 965 258 1028 Graeci
282 964 431 1028 sermonis
453 970 518 1027 tarn
541 984 633 1047 saepe
656 969 686 1025 et
708 969 815 1046 poetae
837 970 868 1028 et
890 985 990 1027 rerum
1013 970 1153 1026 auctores
1175 982 1229 1046 per
1244 999 1287 1006 -·

147 1090 180 1132 11
204 1068 394 1147 1111111111,
427 1074 462 1132 11
491 1067 619 1148 longum
647 1066 688 1129 sit
714 1066 862 1150 exemplis
891 1066 924 1129 id
953 1068 1138 1132 confirmare.
1185 1064 1288 1140 Quare

148 1172 262 1236 sufficit
276 1171 394 1235 Catulli
408 1173 440 1235 in
457 1172 514 1235 hoc
528 1191 638 1253 genere
654 1169 906 1234 consuetudinem
922 1170 1076 1254 persequi,
1092 1168 1173 1253 apud
1191 1188 1288 1250 quem

147 1282 219 1353 tres,
254 1276 280 1338 si
314 1275 434 1340 codices
465 1275 630 1357 loquimur,
663 1275 729 1338 eius
761 1273 846 1336 modi
873 1275 1041 1339 accusativi
1070 1274 1288 1359 reperiuntur:

149 1379 301 1463 Cycladas
321 1379 435 1459 Illl,7,
480 1379 637 1463 Thyiadas
658 1378 789 1455 LXlIll,
813 1380 873 1445 391
904 1386 934 1442 et
956 1377 1150 1464 plumipedes
1172 1378 1224 1440 LV
1248 1380 1291 1442 27

149 1484 352 1549 Germanensi
384 1490 414 1547 et
437 1483 516 1547 libro
545 1482 681 1546 Santcnii
703 1504 748 1566 pr.
768 1503 810 1546 m.
833 1482 988 1562 oblatum,
1021 1505 1089 1546 cum
1111 1483 1145 1546 in
1168 1481 1281 1545 1111111

150 1587 286 1671 vulgaris
303 1589 498 1670 plammedes
521 1587 618 1650 lorma
639 1587 765 1669 legatur.
789 1587 918 1651 -Iam
946 1607 1019 1651 vero
1046 1587 1080 1649 in
1108 1586 1290 1651 nominibus

148 1692 269 1756 latinis
293 1691 432 1755 eiusdem
456 1689 668 1754 declinationis
691 1690 773 1772 leges
797 1691 995 1774 sequentibus
1015 1691 1105 1754 valde
1127 1690 1291 1772 ambigunt

149 1795 337 1880 grammatici
360 1803 390 1858 11
412 1794 593 1859 vetustiores
615 1801 645 1859 et
666 1794 857 1874 recentiores
879 1802 982 1859 utrum
1006 1816 1112 1859 eorum
1140 1794 1289 1858 accusati·

149 1922 208 1965 vus
231 1921 285 1984 per
308 1905 337 1962 is
360 1920 398 1961 an
421 1919 476 1983 per
499 1921 530 1962 11
553 1899 667 1962 1111111
690 1898 874 1982 designetur.
920 1899 1028 1981 ltaque
1056 1920 1126 1963 cum
1153 1899 1289 1982 111111-

152 2011 232 2068 teres
255 2002 455 2068 constantiam
479 2008 638 2066 etcertum
661 2002 816 2068 scribendi
832 2024 971 2066 normam
989 2003 1075 2066 nullo
1090 2001 1181 2066 modo
1197 2023 1291 2086 quac-

150 2108 262 2174 sivissc
285 2107 470 2192 optimorum
492 2105 632 2170 codicum
647 2107 826 2171 auctoritate
849 2108 1004 2191 probetur,
1028 2129 1088 2170 non
1108 2106 1291 2170 mirabimur

151 2212 294 2277 videntes
325 2217 441 2294 quanta
473 2208 597 2273 licentia
630 2210 775 2275 hactenus
808 2208 942 2274 editores
970 2211 1001 2274 in
1029 2210 1120 2275 libris
1150 2217 1289 2275 veterum

151 2313 347 2380 recensendis
370 2321 401 2378 et
424 2313 540 2376 dudum
569 2313 617 2376 usi
645 2305 714 2376 sint
734 2323 765 2377 et
786 2313 878 2377 hodie
898 2321 1034 2378 utantur.
1078 2314 1116 2378 in
1137 2321 1222 2378 tanta
1243 2315 1290 2378 rei

153 2418 337 2483 difficultate
365 2438 404 2480 ne
433 2417 480 2480 illi
507 2416 632 2499 quidem
661 2425 821 2502 praecepto
848 2439 907 2501 quo
934 2419 1142 2483 accusativum
1173 2418 1289 2483 talium

152 2525 317 2589 verberum
338 2521 441 2605 qualia
463 2519 637 2604 genetivum
661 2520 742 2606 plur.
767 2508 910 2586 11-1111
933 2522 1061 2602 finiunt,
1094 2544 1214 2607 semper
1236 2544 1293 2607 per

152 2633 181 2692 is
204 2627 336 2693 scribere
359 2626 513 2704 iubemur,
537 2645 690 2689 summam
712 2625 777 2690 virn
799 2625 934 2690 tribuere
957 2648 1136 2712 possumus:
1165 2648 1236 2690 nam
1257 2627 1293 2691 id

152 2732 205 2816 qui
228 2751 331 2816 presse
354 2730 442 2812 sequi
464 2730 584 2808 volunt,
608 2736 737 2795 caveant
751 2751 789 2793 ne
807 2731 922 2794 crimen
943 2731 1045 2795 laesae
1066 2731 1140 2794 fidei
1155 2730 1292 2813 antiqui-

149 2836 222 2900 tatis
245 2838 334 2899 inse
357 2834 536 2918 suscipiant.
582 2833 642 2898 Res
664 2833 757 2916 igitur
780 2842 936 2918 utcunque
956 2844 1133 2920 comparata
1148 2841 1205 2914 est,
1228 2835 1288 2898 hoc

151 2960 241 3003 nemo
264 2938 420 3003 dubitabit
443 2938 518 3020 quin
544 2937 719 3002 terminatio
742 2945 771 3002 is
795 2940 944 3003 vetustior
973 2960 1071 3022 usque
1095 2938 1134 3002 ad
1156 2939 1292 3020 Augusti

152 3048 283 3107 aetatem
307 3043 397 3124 longe
421 3040 625 3125 praevaluerit
645 3041 690 3105 111
712 3041 851 3124 quidem,
875 3043 963 3106 utin
986 3042 1102 3107 eisdem
1125 3043 1226 3107 verbis
1251 3042 1294 3105 11-

153 3154 219 3210 1111
241 3167 363 3230 quoque
386 3146 540 3231 scriptura
568 3167 600 3207 es
627 3144 720 3207 simul
746 3147 861 3210 1111111
882 3147 977 3212 111111
998 3147 1176 3211 auctoribus
1197 3146 1292 3229 vulgo

153 3251 275 3315 aurium
308 3250 421 3314 iudicio
454 3248 675 3314 confidentibus
706 3249 744 3312 el.
768 3249 845 3316 Gell.
868 3251 961 3328 xlll,
986 3253 1037 3318 21.
1068 3250 1216 3333 Wagneri
1239 3251 1294 3314 Or-

153 3355 254 3438 thogr.
275 3356 385 3438 Vergil.
410 3376 438 3439 p.
455 3354 519 3418 404
536 3373 601 3435 sqq.
647 3352 759 3416 Postea
781 3353 904 3419 demum
927 3356 1077 3419 recentior
1100 3356 1174 3419 haec
1189 3354 1295 3419 termi-

154 3460 242 3524 natio
264 3460 362 3541 magis
385 3457 546 3542 magisque
569 3454 645 3520 adeo
668 3456 832 3549 increbuit,
864 3466 899 3524 ut
920 3468 1074 3545 postremo
1098 3459 1148 3523 vel
1169 3459 1295 3522 unicum

155 3563 257 3628 locum
292 3563 445 3629 obtineret
476 3569 555 3625 teste
584 3560 724 3626 charisio
755 3584 785 3647 p.
809 3564 870 3628 122
891 3563 937 3643 Ρ.,
970 3565 1006 3630 cf.
1036 3564 1128 3627 etiam
1156 3563 1296 3649 Zumptii

154 3668 289 3732 Gramm.
312 3668 376 3731 Lat.
401 3667 478 3750 §68
501 3671 563 3729 not.
621 3667 703 3742 Quae
726 3688 795 3730 cum
821 3667 866 3731 ita
888 3668 965 3747 sint,
999 3668 1091 3753 plane
1120 3667 1196 3731 facio
1225 3689 1296 3731 cum

154 3773 348 3837 Lachmanno
370 3770 403 3833 in
425 3790 533 3834 comm.
549 3770 635 3834 Lucr.
652 3792 681 3854 p,
704 3771 745 3835 55
764 3772 901 3837 censenti
923 3771 1022 3835 solam
1045 3772 1183 3836 codicum
1203 3772 1297 3836 fidem

154 3877 208 3940 ubi
231 3876 311 3939 inter
334 3895 366 3937 sc
389 3875 589 3952 consentiant,
614 3877 803 3959 sequendam
825 3898 902 3941 esse.
948 3878 1015 3954 Qua
1042 3877 1080 3941 de
1105 3896 1198 3941 causa
1220 3877 1297 3941 satis

154 3981 305 4045 habemus
328 3978 432 4042 omnia
454 3980 679 4044 terminationis
701 3981 805 4045 in-is
828 3981 970 4067 exempla
989 3981 1136 4065 proferre,
1160 3999 1238 4062 quae
1261 3981 1295 4045 in

154 4084 344 4149 membranis
367 4082 483 4146 Catulli
511 4085 616 4168 probis
645 4084 923 4170 deprehenduntur.
969 4085 1051 4150 Sunt
1076 4093 1179 4149 autem
1202 4084 1296 4149 haec:

155 4189 256 4254 tristis
277 4189 319 4267 H,
345 4191 393 4254 10.
418 4188 465 4270 01,
488 4189 517 4253 8.
541 4187 674 4253 hominis
695 4190 733 4267 X,
755 4192 801 4255 16.
824 4190 906 4253 natis
928 4189 1069 4270 XXXIII,
1087 4191 1114 4255 7.
1138 4188 1294 4254 libidinis-

155 4313 213 4368 que
242 4291 397 4370 XXXXV,
422 4293 473 4358 24.
507 4293 608 4357 omnis
639 4293 688 4369 LI,
713 4296 741 4359 5.
774 4293 1009 4373 1111111116.
1044 4291 1150 4356 tenuis
1177 4293 1226 4370 LI,
1260 4294 1290 4356 9.
